@String{ JCP     = "Journal of Computational Physics"}
@String{ JAS     = "Journal of Atmospheric Sciences"}
@String{ APJ     = "Astrophysical Journal"}
@String{ APJ:sup = "Astrophysical Journal Supplement"}
@String{ AAP     = "Astronomy and Astrophysics"}
@String{ SJSSC   = "SIAM J. Sci. Statist. Comput."}

@ARTICLE{K41a,
   author = {{Kolmogorov}, A.~N.},
    title = "{The local structure of turbulence in an incompressible fluid for very large Reynolds numbers}",
  journal = {Dokl. Akad. Nauk. SSSR},
     year = 1941,
}

@ARTICLE{K41b,
   author = {{Kolmogorov}, A.~N.},
    title = "{Dissipation of Energy in the Locally Isotropic Turbulence}",
  journal = {Dokl. Akad. Nauk. SSSR},
     year = 1941,
}

@ARTICLE{Fleck:1996,
   author = {R. C. Fleck},
    title = {Scaling Relations for the Turbulent, Non-Self-Gravitating, Neutral
             Component of the Interstellar Medium},
  journal = {\apj},
     year = 1996,
   volume = 458,
    pages = {739-741}
}

@ARTICLE{Kritsuk:2007,
   author = {A. G. Kritsuk and M. L. Norman and P. Padoan and R. Wagner},
    title = {The Statistics of Supersonic Isothermal Turbulence},
  journal = {\apj},
     year = 2007,
   volume = 665,
    pages = {416-431}
}

@ARTICLE{Aspden:2008,
   author = {A. J. Aspden and J. B. Bell and M. S. Day and S. E. Woosley and M. Zingale},
    title = {Turbulence-flame Interactions in {Type Ia} Supernovae},
  journal = {\apj},
     year = 2008,
   volume = 689,
    pages = {1173-1185}
}

@ARTICLE{Aspden:2010,
   author = {A. J. Aspden and J. B. Bell and S. E. Woosley},
    title = {Distributed Flames in {Type Ia} Supernovae},
  journal = {\apj},
     year = 2010,
   volume = 710,
    pages = {1654-1663}
}

@ARTICLE{Aspden:2011,
   author = {A. J. Aspden and J. B. Bell and S. E. Woosley},
    title = {Turbulent Oxygen Flames in {Type Ia} Supernovae},
  journal = {\apj},
     year = {2011},
   volume = 730,
    pages = {144-151}
}

@ARTICLE{Woosley:2009,
   author = {S. E. Woosley and A. R. Kerstein and V. Sankaran and A. J. Aspden and F. K. R\"{o}pke},
    title = {{Type Ia} Supernovae: Calculations of Turbulent Flames Using the Linear Eddy Model},
  journal = {\apj},
     year = 2009,
   volume = 704,
    pages = {255-273}
}

@ARTICLE{Woosley:2011,
   author = {S. E. Woosley and A. R. Kerstein and A. J. Aspden},
    title = {Flames in {Type Ia} Supernovae: {D}eflagration-Detonation Transition in the Oxygen Burning Flame},
  journal = {\apj},
     year = 2011,
   volume = 734,
    pages = {37-41}
}

@ARTICLE{DayBell:2000,
  author={M. S. Day and J. B. Bell},
  title={Numerical simulation of laminar reacting flows with complex chemistry},
  journal={Combust. Theory Modelling},
  volume={4},
  number={4},
  pages={535-556},
  year={2000}
 }

@Book{KipWei,
  author = 	 {Rudolf Kippenhahn and Alfred Weigert},
  title = 	 {Stellar Structure and Evolution},
  publisher = 	 {Springer Verlag},
  year = 	 {1992},
}

@Article{Durran_mono,
  author = {Dale Durran},
  title  = {Atmospheric processes over complex Terrain},
  journal = {Meteorol. Monographs},
  volume = 23,
  number = 45,
  year   = 1990,
  pages = {59 -- 81},
}


@Article{timmes_he_flames:2000,
  author = 	 {Frank X. Timmes},
  title = 	 {The physical properties of laminar helium deflagrations},
  journal = 	 {Astrophysical Journal},
  year = 	 {2000},
  volume = 	 {528},
  pages = 	 {913},
}

@Article{timmes_eos,
  author = {Timmes, F.~X.},
  year = {2008},
  note = {http://cococubed.asu.edu/code\_pages/eos.shtml}
}

@Article{caughlan-fowler:1988,
  author = {G. R. Caughlan and W. A. Fowler}, 
  title = {Thermonuclear Reaction Rates {V}},
  year = {1988},
  journal = {Atomic Data and Nuclear Data Tables},
  volume = {40}, 
  number = {2},
  pages = {283--334},
  note = {see also \url{http://www.phy.ornl.gov/astrophysics/data/cf88/index.html}}
}

@Article{sussmanETAL:1999,
   author    = 	{M. Sussman and A. S. Almgren and J. B. Bell and 
               	 L. H. Howell and M. L. Welcome},
   title     = 	{An Adaptive Level Set Approach for Incompressible
               	 Two-Phase Flows},
  journal = 	JCP,
  volume = 	{148},
  number = 	{1},
  year = 	{1999},
  month = 	Jan,
  pages = 	{81--124}
}

@Article{Nicoud:2000,
   author    = 	{F. Nicoud},
   title     = 	{Conservative High-Order Finite-Difference Schemes for Low-Mach Number Flows},
  journal = 	JCP,
  volume = 	{158},
  number = 	{1},
  year = 	{2000},
  month = 	Feb,
  pages = 	{71--97}
}

@ARTICLE{SusAlmBelColHowWel99,
 author={M. M. Sussman and A. S. Almgren and J. B. Bell and P. Colella and
         L. Howell and M. Welcome},
 title={An Adaptive Level Set Approach for Incompressible Two-Phase Flows},
 journal=jcp,
 volume={148},
 pages={81-124},
 year={1999}
}

@ARTICLE{AlmBelColHowWel98,
        author={A. S. Almgren and J. B. Bell and P. Colella and L. H. Howell
                and M. Welcome},
        title={A Conservative Adaptive Projection Method for
               the Variable Density Incompressible {Navier-Stokes} Equations},
        journal=jcp,
        volume = {142},
        pages = {1-46},
        year = {1998}
}

@ARTICLE{BelMar92,
 author={J. B. Bell and D. L. Marcus},
 title={A Second-Order Projection Method for Variable-Density
  Flows},
 journal=jcp,
 volume={101},
 pages={334-348},
 year={1992}
}



@Article{colin:2000,
  author={O. Colin and F. Ducros and D. Veynante and T. Poinsot},
  title={A thickened flame model for large eddy simulations of turbulent premixed combustion},
  journal = {Phys. of Fluids},
  volume = {12},
  number = {7},
  pages={1843--1863},
  year=2000
}

@Article{rendleman-hyper,
  author =	 {Charles A. Rendleman and Vincent E. Beckner and Mike
                  Lijewski and William Y. Crutchfield and John B. Bell},
  title =	 {Parallelization of structured, hierarchical adaptive
                  mesh refinement algorithms},
  journal =	 {Computing and Visualization in Science},
  year =	 2000,
  volume =	 {3},
  number =	 {3},
  pages =	 {147--157},
}

@ARTICLE{orourke:1979,
  author = {P.~J. O'{R}ourke and F.~V. Bracco},
  title = {Two Scaling Transformations for the Numerical Computation of Multidimensional Unsteady Laminar Flames},
  journal = JCP,
  year = {1979},
  volume = {33},
  pages = {185--203}
}

@ARTICLE{gamezo:2003,
    author = {V.~N. Gamezo and A.~M. Khokhlov and E.~S. Oran and 
             A.~Y. Chtchelkanova and R.~O. Rosenberg},
    title = {Thermonuclear Supernovae: Simulations of the Deflagration Stage and Their Implications},
    journal = {Science},
    year = {2003},
    month = jan,
    volume = {299},
    pages = {77--81},
}

@ARTICLE{plewa:2004,
   author = {T. Plewa and A.~C. Calder and D.~Q. Lamb},
    title = {{T}ype~{I}a Supernova Explosion: Gravitationally Confined Detonation},
  journal = APJ,
     year = {2004},
    month = sep,
   volume = {612},
    pages = {L37--L40}
}

@Article{berger-oliger,
  author =	 {M. J. Berger and J. Oliger},
  title =	 {Adaptive Mesh Refinement for Hyperbolic Partial
                  Differential Equations},
  journal =	 JCP,
  volume =	 {53},
  pages =	 {484--512},
  month =	 Mar,
  year =	 {1984},
}

@Article{almgren-iamr,
  author =	 {A. S. Almgren and J. B. Bell and P. Colella and
                  L. H. Howell and M. L. Welcome},
  title =	 {A Conservative Adaptive Projection Method for the
                  Variable Density Incompressible {N}avier-{S}tokes
                  Equations},
  journal =	 JCP,
  volume =	 {142},
  pages =	 {1--46},
  month =	 may,
  year =	 {1998},
}

@Article{berger-colella,
  author =	 {M. J. Berger and P. Colella},
  title =	 {Local Adaptive Mesh Refinement for Shock Hydrodynamics},
  journal =	 JCP,
  volume =	 {82},
  number =	 {1},
  pages =	 {64--84},
  month =	 May,
  year =	 {1989},
}

@Article{bell-3d,
  author =	 {J. Bell and M. Berger and J. Saltzman and
                  M. Welcome},
  title =	 {A Three-Dimensional Adaptive Mesh Refinement for
                  Hyperbolic Conservation Laws},
  journal =	 SJSSC,
  volume =	 {15},
  number =	 {1},
  pages =	 {127--138},
  keywords =	 {adaptive methods, mesh refinement},
  year =	 1994,
}

@Article{pember-flame,
  author =	 {R. B. Pember and L. H. Howell and J. B. Bell and
                  P. Colella and W. Y. Crutchfield and W. A. Fiveland
                  and J. P. Jessee},
  title =	 {An Adaptive Projection Method for Unsteady
                  Low-{M}ach Number Combustion},
  journal =	 {Comb. Sci. Tech.},
  volume =	 {140},
  pages =	 {123--168},
  year =	 {1998},
}

@Article{Bell:2004,
  author  =      {J.~B. Bell and M.~S. Day and C.~A. Rendleman and
                  S.~E. Woosley and M.~A. Zingale},
  title   =      {Adaptive low {M}ach number simulations of nuclear flame microphysics},
  journal =      {Journal of Computational Physics},
  year    =      {2004},
  volume  =      {195},
  number  =      {2},
  pages   =      {677-694}
}

@Article{SNld,
  author = {J.~B. Bell and M.~S. Day and C.~A. Rendleman and
                  S.~E. Woosley and M. Zingale},
  title  = {Direct Numerical Simulations of {T}ype~{I}a Supernovae Flames {I}: The {L}andau-{D}arrieus Instability},
  journal = ApJ,
  year = {2004},
  volume = {606},
  pages = {1029}
}

@Article{SNrt,
  author = {J.~B. Bell and M.~S. Day and C.~A. Rendleman and
                  S.~E. Woosley and M. Zingale},
  title = {Direct Numerical Simulations of {T}ype~{I}a Supernovae Flames {II}: The {R}ayleigh-{T}aylor Instability},
  journal = ApJ,
  year = {2004},
  volume = {608},
  pages = {883}
}


@Article{SNrt3d,
  author = {M. Zingale and S.~E. Woosley and C.~A. Rendleman and
            M.~S. Day and J.~B. Bell},
  title = {Three-dimensional Numerical Simulations of {R}ayleigh-{T}aylor  Unstable Flames in {T}ype~{I}a Supernovae},
  journal = ApJ,
  year = {2005},
  note = {in press}
}



@ARTICLE{Woosley:2004,
    author = {S.~E. Woosley and S. Wunsch and M. Kuhlen},
    title  = {Carbon Ignition in {T}ype~{I}a Supernovae: An Analytic Model},
    journal = 	 {Astrophysical Journal},
    year = 2004,
    volume = 607,
    pages = {921--930}
}


@Article{timmeswoosley1992,
  author =       {F. X. Timmes and S. E. Woosley},
  title =        {The Conductive Propagation of Nuclear Flames {I}.
                  Degenerate {C}+{0} and {O}+{Ne}+{Mg} White Dwarfs},
  journal = 	 {Astrophysical Journal},
  year =         {1992},
  volume =       {396},
  pages =        {649--667},
  month =        Sep,
}

@ARTICLE{hillebrandtniemeyer2000,
  author =       {Wolfgang Hillebrandt and Jens C. Niemeyer},
  journal =      {Annu. Rev. Astron. Astrophys},
  title =        {{T}ype~{I}a supernova explosion models},
  year =         {2000},
  pages = {191--230},
  volume = {38}
}


@ARTICLE{rhn:2002,
   author = {M. Reinecke and W. Hillebrandt and J.~C. Niemeyer},
    title = {Three-dimensional simulations of {T}ype~{I}a supernovae},
  journal = AAP,
     year = 2002,
    month = sep,
   volume = 391,
    pages = {1167-1172}
 }

@article{ppm,
     author={P. Colella and P.~R. Woodward},
     journal=JCP,
     title={The Piecewise Parabolic Method (PPM) for gas-dynamical simulations},
     year=1984,
     volume=54,
     pages={174--201}
}

@article{ppmunsplit,
     author={{Miller}, G.~H. and {Colella}, P.},
     journal=JCP,
     title="{A Conservative Three-Dimensional Eulerian Method for Coupled Solid-Fluid
             Shock Capturing}",
     year=2002,
     volume=183,
     pages={26--82}
}

@ARTICLE{khokhlov:1991,
    author = {{Khokhlov}, A.~M.},
    journal = AAP,
    year = 1991,
    volume = 245,
    pages = {114-128}
}

@Article{khokhlov:1995,
  author =       {A.~M. Khokhlov},
  title =        {Propagation of Turbulent Flames in Supernovae},
  journal =      APJ,
  year =         {1995},
  volume =       {449},
  pages =        {695}
}

@Article{roepkehillebrandt2005,
   author = {F.~K. R\"opke and W. Hillebrandt},
    title = {The distributed burning regime in {T}ype~{I}a supernova models},
  journal = AAP,
     year = 2005,
    month = jan,
   volume = 429,
    pages = {L29-L32},
}

@ARTICLE{rnh2003,
   author = {F.~K. R\"opke and J.~C. Niemeyer and W. Hillebrandt},
    title = {On the Small-Scale Stability of Thermonuclear Flames in {T}ype~{I}a Supernovae},
  journal = APJ,
     year = 2003,
    month = may,
   volume = 588,
    pages = {952-961},
}

@ARTICLE{niemeyerwoosley1997,
    author = {J.~C. Niemeyer and S.~E. Woosley},
    title = {The Thermonuclear Explosion of Chandrasekhar Mass White Dwarfs},    
    journal = APJ,
    year = 1997,
    month = feb,
    volume = 475,
    pages = {740-753},
}


@article {Overbye2004,
author = {Overbye, D.},
title = {Life-or-Death Question: How Supernovas Happen},
journal = {New York Times},
year = {2004},
volume = {},
number = {},
pages = {D1, D4},
month = {November 9,},
note = {}
}


@ARTICLE{flash-validation,
    author = {{Calder}, A.~C. and {Fryxell}, B. and {Plewa}, T. and
              {Rosner}, R. and {Dursi}, L.~J. and {Weirs}, V.~G. and
              {Dupont}, T. and {Robey}, H.~F. and {Kane}, J.~O. and
              {Remington}, B.~A. and {Drake}, R.~P. and {Dimonte}, G. and
              {Zingale}, M. and {Timmes}, F.~X. and {Olson}, K. and
              {Ricker}, P. and {MacNeice}, P. and {Tufo}, H.~M.},
    title = {On Validating an Astrophysical Simulation Code},
    journal = APJ:sup,
    year = 2002,
    volume = 143,
    pages = {201--229},
}

@ARTICLE{flash,
    author = {{Fryxell}, B. and {Olson}, K. and {Ricker}, P. and
              {Timmes}, F.~X. and {Zingale}, M. and {Lamb}, D.~Q. and
              {MacNeice}, P. and {Rosner}, R. and {Truran}, J.~W. and
              {Tufo}, H.},
    title = {{FLASH}: An Adaptive Mesh Hydrodynamics Code for Modeling Astrophysical Thermonuclear Flashes},
    journal = {\apjs},
    year = 2000,
    month = nov,
    volume = 131,
    pages = {273--334},
}

@InProceedings{PARIAMR,
  author =       {Rendleman, C. A. and Beckner, V. E. and
                  Lijewski, M.},
  title =        {Parallelization of an adaptive mesh refinement
                  method for Low {M}ach Number Combustion},
  month =        may,
  year =         {2001},
  booktitle = {Computational Science -- 2001},
  pages = {1117--1126},
}

@TECHREPORT{crutchfield:1991,
        author={W. Y. Crutchfield},
        title={Load Balancing Irregular Algorithms},
        institution={LLNL},
        number={UCRL-JC-107679},
        month=Jul,
        year={1991}
}

@ARTICLE{bellColellaGlaz:1989,
	AUTHOR = {J. B. Bell and P. Colella and H. M. Glaz},
	TITLE = {A Second Order Projection Method for the Incompressible
	{N}avier-{S}tokes Equations},
 	JOURNAL=JCP,
 	NUMBER = {2},
 	YEAR = {1989},
 	MONTH=Dec,
 	VOLUME={85},
 	PAGES={257--283}
}

@INPROCEEDINGS{bellColellaHowell:1991,
        AUTHOR = {J. B. Bell and P. Colella and L. H. Howell},
        TITLE = {An efficient second-order projection method
	 for viscous incompressible flow},
        YEAR = {1991},
        BOOKTITLE = {Proceedings of the Tenth AIAA Computational
                     Fluid Dynamics Conference},
        MONTH = Jun,
        ORGANIZATION = {AIAA},
        PAGES = {360--367}
}

@ARTICLE{bellMarcus:1992b,
   author    = {J. B. Bell and D. L. Marcus},
   title     = {A SECOND-ORDER PROJECTION METHOD FOR VARIABLE-DENSITY FLOWS},
	JOURNAL = JCP,
	VOLUME = {101},
	NUMBER = {2},
	YEAR = {1992},
	MONTH = Aug,
	PAGES = {334--348},
}

@ARTICLE{almgrenBellSzymczak:1996,
	TITLE = {A numerical method for the incompressible {N}avier-{S}tokes 
	equations based on an approximate projection},
	AUTHOR = {A. S. Almgren and J. B. Bell and W. G. Szymczak},
	YEAR = {1996},
	VOLUME = {17},
	NUMBER = {2},
	MONTH = Mar,
	JOURNAL = {SIAM J. Sci. Comput.},
	PAGES = {358--369}
}

@ARTICLE{chorin:1968,
	AUTHOR = {A. J. Chorin},
	TITLE = {Numerical Solution of the {N}avier-{S}tokes Equations},
	JOURNAL = {Math. Comp.},
	VOLUME = {22},
	PAGES = {745--762},
	YEAR = {1968}
}

@ARTICLE{durran:1989,
        author={D. R. Durran},
        title={Improving the anelastic approximation},
        journal=jas,
        volume={46},
        number={11},
        pages={1453-1461},
        year={1989}
}

@ARTICLE{rehmBaum:1978,
        AUTHOR = {R. G. Rehm and H. R. Baum},
        TITLE = {The equations of motion for thermally driven buoyant flows},
        JOURNAL = {Journal of Research of the National Bureau of Standards},
        VOLUME = {83},
        YEAR = {1978},
        PAGES = {297--308},
}

@ARTICLE{majdaSethian:1985,
        AUTHOR = {A. Majda and J. A. Sethian},
        TITLE = {Derivation and Numerical Solution of the Equations of Low
        {M}ach Number Combustion},
        JOURNAL = {Comb. Sci. Tech.},
        VOLUME = {42},
        YEAR = {1985},
        PAGES = {185--205}
}

@ARTICLE{almgren:2000,
        AUTHOR = {A. Almgren},
        TITLE = {A New Look at the Pseudo-incompressible Solution to 
                 {L}amb's problem of Hydrostatic Adjustment},
        JOURNAL = JAS,
        VOLUME = {57},
        MONTH =	Apr,
        YEAR = {2000},
        PAGES = {995--998}
}

@article{gatti-bonoColella2005,
 author = {C. Gatti-Bono and P. Colella},
 title = {An anelastic allspeed projection method for gravitationally stratified flows},
 journal = JCP,
 date = {submitted for publication},
 year = {2005}
}

@inproceedings{KleinMikuskyOwinoh2004,
  author = {R. Klein and E. Mikusky and A. Owinoh},
  title = {Multiple scales asymptotics for atmospheric flows},
  booktitle = {Proceedings of the 4$^{th}$ European Conference on Mathematics},
  city = {Stockholm},
  year = {2004}
}

@techreport{bottaKleinAlmgren:TR1999,
        author = {N. Botta and R. Klein and A. Almgren},
        title = {Dry Atmosphere Asymptotics},
        institution = {Potsdam Institue for Climate Impact Research},
        year = {1999},
        number = {PIK Report 55},
}

@article{bottaKleinAlmgren:1999,
        author = {N. Botta and R. Klein and A. Almgren},
        title = {Asymptotic Analysis of a Dry Atmosphere},
        journal = {ENUMATH},
        city = {Jvyaskyla,Finland},
        year = {1999}
}

@article{Klein:ZAMM2000,
        author = {R. Klein},
        title = {Asymptotic Analyses for Atmospheric Flows and the Construction of Asymptotically
                 Adaptive Numerical Methods},
        journal = {ZAMM},
        number = {80},
        pages = {765-777},
        year = {2000}
}


@InProceedings{tallioETAL,
  author =       {K.V. Tallio and J. A. Hilditch and N. Trigui and R. J.
Tabaczynski and N. P. Cernansky and P. Colella},
  title =        {A {CFD}-based entrainment combustion mode},
  year =         {1998},
  booktitle = {Central States Section of the Combustion Institute Spring Technical Meeting},
  city = {Lexington, KY}
}


@article{kuhlen-ignition:2005,
   author = {{Kuhlen}, M. and {Woosley}, S.~E. and {Glatzmaier}, G.~A.},
    title = "{Carbon Ignition in Type Ia Supernovae. II. A Three-dimensional Numerical Model}",
  journal = {\apj},
     year = 2006,
    month = mar,
   volume = 640,
    pages = {407-416},
      doi = {10.1086/500105},
   adsurl = {http://adsabs.harvard.edu/cgi-bin/nph-bib_query?bibcode=2006ApJ...640..407K&db_key=AST},
  adsnote = {Provided by the Smithsonian/NASA Astrophysics Data System}
}


@ARTICLE{hoflichstein:2002,
   author = {{H{\" o}flich}, P. and {Stein}, J.},
    title = {On the Thermonuclear Runaway in {T}ype {I}a Supernovae: How to Run Away?},
  journal = APJ,
     year = 2002,
    month = apr,
   volume = 568,
    pages = {779-790}
}
 

@ARTICLE{reinecke:1999,
   author = {{Reinecke}, M. and {Hillebrandt}, W. and {Niemeyer}, J.~C.},
    title = {Thermonuclear explosions of {C}handrasekhar-mass {C}+{O} white dwarfs},
  journal = AAP,
     year = 1999,
   volume = 347,
    pages = {739-747},
}

@ARTICLE{Bat53,
        author={G. K. Batchelor},
        title={The conditions for dynamical similarity of motions of
                a frictionless perfect-gas atmosphere},
        journal={Quart. J. R. meteor. Soc.},
        volume={79},
        pages={224-235},
        year={1953}
}

@BOOK{Bou03,
        author={J. Boussinesq},
        title={Theorie analytique de la chaleur},
        publisher={Gauthier-Villars, Paris},
        volume={2},
        year={1903}
}

@ARTICLE{DutFic69,
        author={J. A. Dutton and G. H. Fichtl},
        title={Approximate equations of motion for gases and liquids},
        journal=jas,
        volume={26},
        pages={241-254},
        year={1969}
}

@ARTICLE{Glatzmaier:1984,
        author={G. A. Glatzmaier},
        title={Numerical simulation of stellar convective dynamos I. The model and method},
        journal={J. Comp. Phys.},
        volume={55},
        pages={461-484},
        year={1984}
}

@ARTICLE{GilGla81:1,
        author={P. A. Gilman and G. A. Glatzmaier},
        title={Compressible Convection in a Rotating Spherical Shell. {I}.
               Anelastic Equations},
        journal={Ap. J. Supp. Ser.},
        volume={45},
        pages={335-349},
        year={1981}
}

@ARTICLE{GlaGil81:2,
        author={G. A. Glatzmaier and P. A. Gilman},
        title={Compressible Convection in a Rotating Spherical Shell. {II}.
               A linear anelastic model},
        journal={Ap. J. Supp. Ser.},
        volume={45},
        pages={351-380},
        year={1981}
}

@ARTICLE{GlaGil81:3,
        author={G. A. Glatzmaier and P. A. Gilman},
        title={Compressible Convection in a Rotating Spherical Shell. {III}.
               Analytic model for compressible vorticity waves},
        journal={Ap. J. Supp. Ser.},
        volume={45},
        pages={381-388},
        year={1981}
}

@ARTICLE{BraRob:1995,
        author={S.I. Braginsky and Paul H. Roberts},
        title={},
        journal={Geophys. and Astrophys. Fluid Dynam.},
        volume={79},
        pages={1--},
        year={1995}
}

@ARTICLE{GlaRob:1996,
        author={Gary. A. Glatzmaier and Paul H. Roberts},
        title={An anelastic evolutionary geodynamo simulation driven by 
               compositional and thermal convection},
        journal={Physica D},
        volume={97},
        pages={81-94},
        year={1996}
}

@ARTICLE{Gou69,
        author={D. O. Gough},
        title={The anelastic approximation for thermal convection},
        journal=jas,
        volume={26},
        pages={448-456},
        year={1969}
}

@ARTICLE{LatSpiTooZah76,
        author={J. Latour and E. A. Spiegel and J. Toomre and J.-P. Zahn},
        title={Stellar Convection Theory. {I}. The Anelastic Modal Equations},
        journal={Ap. J.},
        volume={207},
        pages={233-243},
        year={1976}
}


@ARTICLE{LipHem82,
        author={F. Lipps and R. Hemler},
        title={A scale analysis of deep moist convection and some
               related numerical calculations},
        journal=jas,
        volume={39},
        pages={2192-2210},
        year={1982}
}

@ARTICLE{LipHem85,
        author={F. Lipps and R. Hemler},
        title={Another look at the scale analysis for deep moist convection},
        journal=jas,
        volume={42},
        pages={1960-1964},
        year={1985}
}

@ARTICLE{Lip90,
        author={F. Lipps},
        title={On the Anelastic Approximation for Deep Convection},
        journal=jas,
        volume={47},
        pages={1794-1798},
        year={1990}
}

@ARTICLE{OguPhi62,
        author={Y. Ogura and N. A. Phillips},
        title={Scale Analysis of Deep and Shallow Convection in
                the Atmosphere},
        journal=jas,
        volume={19},
        pages={173-179},
        year={1962}
}

@ARTICLE{WilOgu72,
        author={R. Wilhelmson and Y. Ogura},
        title={The pressure perturbation and the numerical modeling
               of a cloud},
        journal=jas,
        volume={29},
        pages={1295-1307},
        year={1972}
}

@ARTICLE{chorinHaldKupferman:2000,
        author={A. Chorin and O. H. Hald and R. Kupferman},
        title={Optimal prediction and the {M}ori-{Z}wanzig representation of 
               irreversible processes of a cloud},
        journal={Proceedings of the National Academy of Science},
        volume={97},
        pages={2968-2973},
        year={2000}
}

@ARTICLE{chorinHaldKupferman:2002,
        author={A. Chorin and O. H. Hald and R. Kupferman},
        title={Optimal prediction with memory}, 
        journal={Physica D},
        volume={166},
        pages={239-257},
        year={2002}
}

@ARTICLE{chorinHaldKupferman:2001,
        author={A. Chorin and O. H. Hald and R. Kupferman},
        title={Non-{M}arkovian optimal prediction},
        journal={{M}onte {C}arlo Methods and Applications},
        volume={7},
        pages={99-109},
        year={2001}
}

@InProceedings{woosley1990,
  title = 	 {Supernova},
  author =       {{Woosley}, S. E.},
  year = 	 {1990},
  OPTkey = 	 {},
  booktitle = 	 {Supernova},
  editor = 	 {A. G. Petschek},
  OPTvolume = 	 {},
  OPTnumber = 	 {},
  OPTseries = 	 {},
  OPTaddress = 	 {},
  OPTmonth = 	 {},
  OPTorganization = {},
  address = {New York},
  publisher = 	 {Springer-Verlag},
  OPTnote = 	 {},
  OPTannote = 	 {},
  pages = {182}
}



@ARTICLE{weaver:1978,
   author = {{Weaver}, T.~A. and {Zimmerman}, G.~B. and {Woosley}, S.~E.},
    title = "{Presupernova evolution of massive stars}",
   journal = {\apj},
     year = 1978,
   volume = 225,
    pages = {1021-1029}
}

@ARTICLE{wunschwoosley:2004,
   author = {{Wunsch}, S. and {Woosley}, S.~E.},
    title = "{Convection and Off-Center Ignition in Type Ia Supernovae}",
  journal = {\apj},
     year = 2004,
    month = dec,
   volume = 616,
    pages = {1102-1108},
      doi = {10.1086/425116},
   adsurl = {http://adsabs.harvard.edu/cgi-bin/nph-bib_query?bibcode=2004ApJ...616.1102W&db_key=AST},
  adsnote = {Provided by the Smithsonian/NASA Astrophysics Data System}
}

@ARTICLE{ppm-hse,
   author = {{Zingale}, M. and {Dursi}, L.~J. and {ZuHone}, J. and {Calder}, A.~C. and 
	{Fryxell}, B. and {Plewa}, T. and {Truran}, J.~W. and {Caceres}, A. and 
	{Olson}, K. and {Ricker}, P.~M. and {Riley}, K. and {Rosner}, R. and 
	{Siegel}, A. and {Timmes}, F.~X. and {Vladimirova}, N.},
    title = "{Mapping Initial Hydrostatic Models in Godunov Codes}",
  journal = APJ:sup,
     year = 2002,
    month = dec,
   volume = 143,
    pages = {539-565}
}


@ARTICLE{colellaglaz1985,
   author = {{Colella}, P. and {Glaz}, H.~M.},
    title = "{Efficient solution algorithms for the Riemann problem for real gases}",
  journal = {Journal of Computational Physics},
     year = 1985,
    month = jun,
   volume = 59,
    pages = {264-289}
}


@ARTICLE{colella1990,
   author = {{Colella}, P.},
   title = "{Multidimensional Upwind Methods for Hyperbolic Conservation Laws}",
   journal = {Journal of Computational Physics},
   year = {1990},
   volume = 87,
   pages = {171-200}
}

@ARTICLE{saltzman1994,
   author = {{Saltzman}, J.},
   title = "{An Unsplit 3D Upwind Method for Hyperbolic Conservation Laws}",
   journal = {Journal of Computational Physics},
   year = {1994},
   volume = 115,
   pages = {153-168}
}

@ARTICLE{colella1985,
   author = {{Colella}, P.},
   title={A Direct {Eulerian} {MUSCL} Scheme for Gas Dynamics},
   journal = {SIAM J. Sci. Stat. Comput.},
   volume = 6,
   pages = {104-117},
   month={January},
   year={1985}
}


@ARTICLE{mignone2005,
    author = {{Mignone}, A. and {Plewa}, T. and {Bodo}, G.},
    title = "{The Piecewise Parabolic Method for Multidimensional Relativistic Fluid Dynamics}",
    journal = {arXiv:astro-ph/0505200},
    year = 2005,
}

@ARTICLE{crockett2005,
   author = {{Crockett}, R.~K. and {Colella}, P. and {Fisher}, R.~T. and 
	{Klein}, R.~I. and {McKee}, C.~F.},
    title = "{An unsplit, cell-centered Godunov method for ideal MHD}",
  journal = {Journal of Computational Physics},
     year = 2005,
   volume = 203,
    pages = {422-448},
}


@Article{timmes_swesty:2000,
  author =       {Frank X. Timmes and F. Douglas Swesty},
  title =        {The accuracy, consistency, and speed of an electron-positron
                  equation of state based on table interpolation of the helmhol\tz
                  free energy},
  journal =      {\apjs},
  year =         {2000},
  volume =       {126},
  pages =        {501--516},
}

@ARTICLE{roepke2005,
   author = {{R{\" o}pke}, F.~K. and {Hillebrandt}, W.},
    title = "{Full-star type {I}a supernova explosion models}",
  journal = {\aap},
     year = 2005,
    month = feb,
   volume = 431,
    pages = {635-645}
}


@ARTICLE{harlowwelch,
   author = {{Harlow}, F.~H. and {Welch}, E.},
   title = "{Numerical Calculation of Time-Dependent Viscous Incompressible 
             Flow of Fluids with Free Surface}",
   journal = {Phys. Fluids},
   year = 1965,
   volume = 8,
   pages = {2182}
}

@Book{cox-giuli-v1,
  author = 	 {J. P. Cox and R. T. Giuli},
  title = 	 {Principles of Stellar Structure},
  publisher = 	 {Cambridge University Press},
  year = 	 {1968},
  OPTkey = 	 {},
  volume = 	 {1},
  OPTnumber = 	 {},
  OPTseries = 	 {},
  OPTaddress = 	 {},
  OPTedition = 	 {},
  OPTmonth = 	 {},
  OPTnote = 	 {},
  OPTannote = 	 {}
}


@PHDTHESIS{Lin:2005,
    AUTHOR = {David J. Lin},
    TITLE = {Implementing the Low Mach Number Approximation for Multidimensional Hydrodynamical
Modeling of Type I X-Ray Bursts},
    SCHOOL = {Field of Physics and Astronomy, Northwestern University},
    YEAR = 2005,
    MONTH = {May}
}

@ARTICLE{almgren:bell:crutchfield,
author =   {A. S. Almgren and J. B. Bell and W. Y. Crutchfield},
title =    {Approximate Projection Methods: Part {I}. {I}nviscid Analysis},
journal =  {SIAM J. Sci. Comput.},
volume={22},
number={4},
pages={1139--59},
year =     {2000}
}


@ARTICLE{woosley2001,
   author = {{Woosley}, S.~E.},
    title = "{Models for type Ia supernovae}",
  journal = {Nuclear Physics A},
     year = 2001,
    month = may,
   volume = 688,
    pages = {9-16},
   adsurl = {http://adsabs.harvard.edu/cgi-bin/nph-bib_query?bibcode=2001NuPhA.688....9W&db_key=PHY},
     note = "{Proceedings of Nuclei in the Cosmos 2000}"
}



@ARTICLE{ABRZ:I,
   author = {A. S. Almgren and J. B. Bell and C. A. Rendleman and M. Zingale},
    title = {Low Mach Number Modeling of Type Ia Supernovae. I. Hydrodynamics},
  journal = {\apj},
     year = 2006,
   volume = 637,
    pages = {922-936},
    month = feb
}

@ARTICLE{ABRZ:II,
   author = {A. S. Almgren and J. B. Bell and C. A. Rendleman and M. Zingale},
    title = {Low Mach Number Modeling of Type Ia Supernovae. II. Energy Evolution},
  journal = {\apj},
     year = 2006,
   volume = 649,
    pages = {927-938},
    month = oct
}

@ARTICLE{ABNZ:III,
   author = {{Almgren}, A.~S. and {Bell}, J.~B. and {Nonaka}, A. and 
             {Zingale}, M.},
    title = "{Low Mach Number Modeling of Type Ia Supernovae. III. Reactions}",
  journal = {\apj},
     year = 2008,
   volume = 684,
    pages = {449-470},
      doi = {10.1086/590321},
   adsurl = {http://adsabs.harvard.edu/abs/2008ApJ...684..449A},
}

@ARTICLE{paper4,
   author = {{Zingale}, M. and {Almgren}, A.~S. and {Bell}, J.~B. and 
             {Nonaka}, A. and {Woosley}, S.~E.},
    title = "{Low Mach Number Modeling of Type Ia Supernovae. IV. White Dwarf Convection}",
  journal = {\apj},
     year = 2009,
   volume = 704,
    pages = {196-210},
}

@ARTICLE{multilevel,
   author = {A. Nonaka and A. S. Almgren and J. B. Bell and M. J. Lijewski and C. M. Malone and M. Zingale},
    title = {{\tt MAESTRO}:An Adaptive Low Mach Number Hydrodynamics Algorithm for Stellar Flows},
  journal = {\apjs},
     year = {2010},
   volume = {188},
    pages = {358-383},
}

@ARTICLE{bannon:1996a,
   author = {P.R. Bannon},
    title = {Nonlinear Hydrostatic Adjustment},
  journal = {Journal of the Atmospheric Sciences},
     year = {1996},
   volume = {53},
   number = {23},
    pages = {3606-3617}
}


@ARTICLE{glasner:2005,
   author = {{Glasner}, S.~A. and {Livne}, E. and {Truran}, J.~W.},
    title = "{The Sensitivity of Multidimensional Nova Calculations to the Outer Boundary Condition}",
  journal = {\apj},
     year = 2005,
    month = may,
   volume = 625,
    pages = {347-350},
      doi = {10.1086/429482},
   adsurl = {http://adsabs.harvard.edu/cgi-bin/nph-bib_query?bibcode=2005ApJ...625..347G&db_key=AST},
  adsnote = {Provided by the Smithsonian/NASA Astrophysics Data System}
}


@ARTICLE{garciasenzwoosley1995,
   author = {{Garcia-Senz}, D. and {Woosley}, S.~E.},
    title = "{Type IA Supernovae: The Flame Is Born}",
  journal = {\apj},
 keywords = {CONVECTION, NUCLEAR REACTIONS, NUCLEOSYNTHESIS, ABUNDANCES, STARS: INTERIORS, STARS: SUPERNOVAE: GENERAL},
     year = 1995,
    month = dec,
   volume = 454,
    pages = {895-+},
      doi = {10.1086/176542},
   adsurl = {http://adsabs.harvard.edu/abs/1995ApJ...454..895G},
  adsnote = {Provided by the SAO/NASA Astrophysics Data System}
}




@ARTICLE{garciasenz:2005,
   author = {{Garc{\'{\i}}a-Senz}, D. and {Bravo}, E.},
    title = "{Type Ia Supernova models arising from different distributions of igniting points}",
  journal = {\aap},
     year = 2005,
    month = feb,
   volume = 430,
    pages = {585-602},
      doi = {10.1051/0004-6361:20041628},
   adsurl = {http://adsabs.harvard.edu/cgi-bin/nph-bib_query?bibcode=2005A%26A...430..585G&db_key=AST},
  adsnote = {Provided by the Smithsonian/NASA Astrophysics Data System}
}

@ARTICLE{livne:2005,
   author = {{Livne}, E. and {Asida}, S.~M. and {H{\"o}flich}, P.},
    title = "{On the Sensitivity of Deflagrations in a Chandrasekhar Mass White Dwarf to Initial Conditions}",
  journal = {\apj},
     year = 2005,
    month = oct,
   volume = 632,
    pages = {443-449},
      doi = {10.1086/432975},
   adsurl = {http://adsabs.harvard.edu/cgi-bin/nph-bib_query?bibcode=2005ApJ...632..443L&db_key=AST},
  adsnote = {Provided by the Smithsonian/NASA Astrophysics Data System}
}


@ARTICLE{bychkovliberman,
   author = {{Bychkov}, V.~V. and {Liberman}, M.~A.},
    title = "{On the theory of Type IA supernova events.}",
  journal = {\aap},
     year = 1995,
    month = dec,
   volume = 304,
    pages = {440-+},
   adsurl = {http://adsabs.harvard.edu/cgi-bin/nph-bib_query?bibcode=1995A%26A...304..440B&db_key=AST},
  adsnote = {Provided by the Smithsonian/NASA Astrophysics Data System}
}

@ARTICLE{niemeyer:1996,
   author = {{Niemeyer}, J.~C. and {Hillebrandt}, W. and {Woosley}, S.~E.},
    title = "{Off-Center Deflagrations in Chandrasekhar Mass Type IA Supernova Models}",
  journal = {\apj},
     year = 1996,
    month = nov,
   volume = 471,
    pages = {903-+},
      doi = {10.1086/178017},
   adsurl = {http://adsabs.harvard.edu/cgi-bin/nph-bib_query?bibcode=1996ApJ...471..903N&db_key=AST},
  adsnote = {Provided by the Smithsonian/NASA Astrophysics Data System}
}


@ARTICLE{gamezo:2005,
   author = {{Gamezo}, V.~N. and {Khokhlov}, A.~M. and {Oran}, E.~S.},
    title = "{Three-dimensional Delayed-Detonation Model of Type Ia Supernovae}",
  journal = {\apj},
     year = 2005,
    month = apr,
   volume = 623,
    pages = {337-346},
      doi = {10.1086/428767},
   adsurl = {http://adsabs.harvard.edu/cgi-bin/nph-bib_query?bibcode=2005ApJ...623..337G&db_key=AST},
  adsnote = {Provided by the Smithsonian/NASA Astrophysics Data System}
}

@ARTICLE{zingaledursi,
   author = {{Zingale}, M. and {Dursi}, L.~J.},
    title = "{Propagation of the First Flames in Type Ia Supernovae}",
  journal = {\apj},
   eprint = {arXiv:astro-ph/0610297},
 keywords = {Conduction, Hydrodynamics, Methods: Numerical, Nuclear Reactions, Nucleosynthesis, Abundances, Stars: Supernovae: General, Stars: White Dwarfs},
     year = 2007,
    month = feb,
   volume = 656,
    pages = {333-346},
      doi = {10.1086/510306},
   adsurl = {http://adsabs.harvard.edu/abs/2007ApJ...656..333Z},
  adsnote = {Provided by the SAO/NASA Astrophysics Data System}
}

@ARTICLE{iapichino,
   author = {{Iapichino}, L. and {Br{\"u}ggen}, M. and {Hillebrandt}, W. and 
             {Niemeyer}, J.~C.},
    title = "{The ignition of thermonuclear flames in type Ia supernovae}",
  journal = {\aap},
   eprint = {arXiv:astro-ph/0512300},
 keywords = {supernovae: general, hydrodynamics, methods: numerical, white dwarfs},
     year = 2006,
    month = may,
   volume = 450,
    pages = {655-666},
      doi = {10.1051/0004-6361:20054052},
   adsurl = {http://adsabs.harvard.edu/abs/2006A%26A...450..655I},
  adsnote = {Provided by the SAO/NASA Astrophysics Data System}
}





@ARTICLE{dursitimmes,
   author = {{Dursi}, L.~J. and {Timmes}, F.~X.},
    title = "{Local Ignition in Carbon-Oxygen White Dwarfs. I. One-Zone Ignition and Spherical Shock Ignition of Detonations}",
  journal = {\apj},
   eprint = {astro-ph/0510367},
     year = 2006,
    month = apr,
   volume = 641,
    pages = {1071-1086},
      doi = {10.1086/500638},
   adsurl = {http://adsabs.harvard.edu/cgi-bin/nph-bib_query?bibcode=2006ApJ...641.1071D&db_key=AST},
  adsnote = {Provided by the Smithsonian/NASA Astrophysics Data System}
}


@ARTICLE{vode,
  author={P. N. Brown and G. D. Byrne and A. C. Hindmarsh},
  title={{VODE}: A Variable Coefficient ODE Solver},
  journal={SIAM J. Sci. Stat. Comput.},
  volume={10},
  pages={1038-1051},
  year={1989}
}

@ARTICLE{schwarzschildharm,
   author = {{Schwarzschild}, M. and {H{\"a}rm}, R.},
    title = "{Therma Instability in Non-Degenerate Stars.}",
  journal = {\apj},
     year = 1965,
    month = oct,
   volume = 142,
    pages = {855-+},
   adsurl = {http://adsabs.harvard.edu/cgi-bin/nph-bib_query?bibcode=1965ApJ...142..855S&db_key=AST},
  adsnote = {Provided by the Smithsonian/NASA Astrophysics Data System}
}

@ARTICLE{henyeyulrich,
   author = {{Henyey}, L.~G. and {Ulrich}, R.~K.},
    title = "{Studies in Stellar Evolution. {\KHgr}. Hydrostatic Adjustment}",
  journal = {\apj},
     year = 1972,
    month = apr,
   volume = 173,
    pages = {109-+},
   adsurl = {http://adsabs.harvard.edu/cgi-bin/nph-bib_query?bibcode=1972ApJ...173..109H&db_key=AST},
  adsnote = {Provided by the Smithsonian/NASA Astrophysics Data System}
}

@ARTICLE{lin,
   author = {{Lin}, D.~J. and {Bayliss}, A. and {Taam}, R.~E.},
    title = "{Low Mach number modeling of Type I X-ray burst deflagrations}",
  journal = {ArXiv Astrophysics e-prints},
   eprint = {astro-ph/0606207},
     year = 2006,
    month = jun,
   adsurl = {http://adsabs.harvard.edu/cgi-bin/nph-bib_query?bibcode=2006astro.ph..6207L&db_key=PRE},
  adsnote = {Provided by the Smithsonian/NASA Astrophysics Data System}
}

@ARTICLE{graboske:1973,
   author = {{Graboske}, H.~C. and {Dewitt}, H.~E. and {Grossman}, A.~S. and {Cooper}, M.~S.},
    title = "{Screening Factors for Nuclear Reactions. 11. Intermediate Screen-Ing and Astrophysical Applications}",
  journal = {\apj},
     year = 1973,
    month = apr,
   volume = 181,
    pages = {457-474},
   adsurl = {http://adsabs.harvard.edu/cgi-bin/nph-bib_query?bibcode=1973ApJ...181..457G&db_key=AST},
  adsnote = {Provided by the Smithsonian/NASA Astrophysics Data System}
}

@ARTICLE{alastuey:1978,
   author = {{Alastuey}, A. and {Jancovici}, B.},
    title = "{Nuclear reaction rate enhancement in dense stellar matter}",
  journal = {\apj},
     year = 1978,
    month = dec,
   volume = 226,
    pages = {1034-1040},
      doi = {10.1086/156681},
   adsurl = {http://adsabs.harvard.edu/cgi-bin/nph-bib_query?bibcode=1978ApJ...226.1034A&db_key=AST},
  adsnote = {Provided by the Smithsonian/NASA Astrophysics Data System}
}

@ARTICLE{itoh:1979,
   author = {{Itoh}, N. and {Totsuji}, H. and {Ichimaru}, S. and {Dewitt}, H.~E.},
    title = "{Enhancement of thermonuclear reaction rate due to strong screening. II - Ionic mixtures}",
  journal = {\apj},
     year = 1979,
    month = dec,
   volume = 234,
    pages = {1079-1084},
      doi = {10.1086/157590},
   adsurl = {http://adsabs.harvard.edu/cgi-bin/nph-bib_query?bibcode=1979ApJ...234.1079I&db_key=AST},
  adsnote = {Provided by the Smithsonian/NASA Astrophysics Data System}
}

@ARTICLE{roepke-multispot,
   author = {{R{\"o}pke}, F.~K. and {Hillebrandt}, W. and {Niemeyer}, J.~C. and {Woosley}, S.~E.},
    title = "{Multi-spot ignition in type Ia supernova models}",
  journal = {\aap},
   eprint = {astro-ph/0510474},
     year = 2006,
    month = mar,
   volume = 448,
    pages = {1-14},
      doi = {10.1051/0004-6361:20053926},
   adsurl = {http://adsabs.harvard.edu/cgi-bin/nph-bib_query?bibcode=2006A%26A...448....1R&db_key=AST},
  adsnote = {Provided by the Smithsonian/NASA Astrophysics Data System}
}

@ARTICLE{roepke-gcd,
   author = {{R{\"o}pke}, F.~K. and {Woosley}, S.~E. and {Hillebrandt}, W.},
    title = "{Off-Center Ignition in Type Ia Supernovae. I. Initial Evolution and Implications for Delayed Detonation}",
  journal = {\apj},
   eprint = {arXiv:astro-ph/0609088},
 keywords = {Hydrodynamics, Instabilities, Methods: Numerical, Stars: Supernovae: General, Turbulence},
     year = 2007,
    month = may,
   volume = 660,
    pages = {1344-1356},
      doi = {10.1086/512769},
   adsurl = {http://adsabs.harvard.edu/abs/2007ApJ...660.1344R},
  adsnote = {Provided by the SAO/NASA Astrophysics Data System}
}


@ARTICLE{baraffe2004,
   author = {{Baraffe}, I. and {Heger}, A. and {Woosley}, S.~E.},
    title = "{Stability of Supernova Ia Progenitors against Radial Oscillations}",
  journal = {\apj},
   eprint = {astro-ph/0407104},
     year = 2004,
    month = nov,
   volume = 615,
    pages = {378-382},
      doi = {10.1086/423982},
   adsurl = {http://adsabs.harvard.edu/cgi-bin/nph-bib_query?bibcode=2004ApJ...615..378B&db_key=AST},
  adsnote = {Provided by the Smithsonian/NASA Astrophysics Data System}
}


@ARTICLE{jordan:2008,
   author = {{Jordan}, IV, G.~C. and {Fisher}, R.~T. and {Townsley}, D.~M. and
             {Calder}, A.~C. and {Graziani}, C. and {Asida}, S. and {Lamb}, D.~Q. and
             {Truran}, J.~W.},
    title = "{Three-Dimensional Simulations of the Deflagration Phase of the Gravitationally Confined Detonation Model of Type Ia Supernovae}",
  journal = {\apj},
 keywords = {Hydrodynamics, Nuclear Reactions, Nucleosynthesis, Abundances, Stars: Supernovae: General, Stars: White Dwarfs},
     year = 2008,
    month = jul,
   volume = 681,
    pages = {1448-1457},
      doi = {10.1086/588269},
   adsurl = {http://adsabs.harvard.edu/abs/2008ApJ...681.1448J},
  adsnote = {Provided by the SAO/NASA Astrophysics Data System}
}


@ARTICLE{roepke2007,
   author = {{R{\"o}pke}, F.~K. and {Hillebrandt}, W. and {Schmidt}, W. and 
             {Niemeyer}, J.~C. and {Blinnikov}, S.~I. and {Mazzali}, P.~A.
            },
    title = "{A Three-Dimensional Deflagration Model for Type Ia Supernovae Compared with Observations}",
  journal = {\apj},
archivePrefix = "arXiv",
   eprint = {astro-ph/0707.1024},
 keywords = {Hydrodynamics, Instabilities, Methods: Numerical, Stars: Supernovae: General, Turbulence},
     year = 2007,
    month = oct,
   volume = 668,
    pages = {1132-1139},
      doi = {10.1086/521347},
   adsurl = {http://adsabs.harvard.edu/abs/2007ApJ...668.1132R},
  adsnote = {Provided by the SAO/NASA Astrophysics Data System}
}

@ARTICLE{pirochang,
   author = {{Piro}, A.~L. and {Chang}, P.},
    title = "{Convection during the Late Stages of Simmering in Type Ia Supernovae}",
  journal = APJ,
archivePrefix = "arXiv",
   eprint = {astro-ph/0801.1321},
 keywords = {Convection, Stars: Supernovae: General, Stars: White Dwarfs},
     year = 2008,
   volume = 678,
    pages = {1158-1164},
      doi = {10.1086/529368},
   adsurl = {http://adsabs.harvard.edu/abs/2008ApJ...678.1158P},
  adsnote = {Provided by the SAO/NASA Astrophysics Data System}
}

@PHDTHESIS{ma:2011,
  author = {{Ma}, H.},
  title = {},
  school = {University of California, Santa Cruz},
  year = 2011
}

@ARTICLE{steinwheeler2006,
   author = {{Stein}, J. and {Wheeler}, J.~C.},
    title = "{The Convective Urca Process with Implicit Two-dimensional Hydrodynamics}",
  journal = APJ,
   eprint = {arXiv:astro-ph/0512580},
 keywords = {Convection, Hydrodynamics, Nuclear Reactions, Nucleosynthesis, Abundances, Stars: Interiors, Stars: Supernovae: General},
     year = 2006,
    month = jun,
   volume = 643,
    pages = {1190-1197},
      doi = {10.1086/503246},
   adsurl = {http://adsabs.harvard.edu/abs/2006ApJ...643.1190S},
  adsnote = {Provided by the SAO/NASA Astrophysics Data System}
}


@ARTICLE{piro2008,
   author = {{Piro}, A.~L.},
    title = "{The Internal Shear of Type Ia Supernova Progenitors During Accretion and Simmering}",
  journal = APJ,
archivePrefix = "arXiv",
   eprint = {astro-ph/0801.1107},
 keywords = {Accretion, Accretion Disks, Convection, Hydrodynamics, Stars: Magnetic Fields, Stars: White Dwarfs},
     year = 2008,
    month = may,
   volume = 679,
    pages = {616-625},
      doi = {10.1086/529363},
   adsurl = {http://adsabs.harvard.edu/abs/2008ApJ...679..616P},
  adsnote = {Provided by the SAO/NASA Astrophysics Data System}
}


@ARTICLE{kadanoff,
   author = {{Kadanoff}, L.~P.},
    title = "{Turbulent heat flow: Structures and scaling}",
  journal = {Physics Today},
     year = 2001,
    month = aug,
   volume = 54,
   number = 8,
    pages = {080000-39},
      doi = {10.1063/1.1404847},
   adsurl = {http://adsabs.harvard.edu/abs/2001PhT....54h..34K},
  adsnote = {Provided by the SAO/NASA Astrophysics Data System}
}

@ARTICLE{livne2005,
   author = {{Livne}, E. and {Asida}, S.~M. and {H{\"o}flich}, P.},
    title = "{On the Sensitivity of Deflagrations in a Chandrasekhar Mass White Dwarf to Initial Conditions}",
  journal = {\apj},
   eprint = {arXiv:astro-ph/0504299},
 keywords = {Hydrodynamics, Stars: Supernovae: General},
     year = 2005,
    month = oct,
   volume = 632,
    pages = {443-449},
      doi = {10.1086/432975},
   adsurl = {http://adsabs.harvard.edu/abs/2005ApJ...632..443L},
  adsnote = {Provided by the SAO/NASA Astrophysics Data System}
}


@ARTICLE{schmidtniemeyer2006,
   author = {{Schmidt}, W. and {Niemeyer}, J.~C.},
    title = "{Thermonuclear supernova simulations with stochastic ignition}",
  journal = {\aap},
   eprint = {arXiv:astro-ph/0510427},
 keywords = {stars: supernovae: general, methods:, numerical, stars: evolution, stars: interiors},
     year = 2006,
    month = feb,
   volume = 446,
    pages = {627-633},
      doi = {10.1051/0004-6361:20054145},
   adsurl = {http://adsabs.harvard.edu/abs/2006A%26A...446..627S},
  adsnote = {Provided by the SAO/NASA Astrophysics Data System}
}



@ARTICLE{yoon2007,
   author = {{Yoon}, S.-C. and {Podsiadlowski}, P. and {Rosswog}, S.},
    title = "{Remnant evolution after a carbon-oxygen white dwarf merger}",
  journal = {MNRAS},
archivePrefix = "arXiv",
   eprint = {astro-ph/0704.0297},
 keywords = {accretion, accretion discs , stars: evolution , supernovae: general , white dwarfs},
     year = 2007,
   volume = 380,
    pages = {933-948},
      doi = {10.1111/j.1365-2966.2007.12161.x},
   adsurl = {http://adsabs.harvard.edu/abs/2007MNRAS.380..933Y},
  adsnote = {Provided by the SAO/NASA Astrophysics Data System}
}

@ARTICLE{nomoto1984iii,
   author = {{Nomoto}, K. and {Thielemann}, F.-K. and {Yokoi}, K.},
    title = "{Accreting white dwarf models of Type I supernovae. III - Carbon deflagration supernovae}",
  journal = APJ,
     year = 1984,
    month = nov,
   volume = 286,
    pages = {644-658},
      doi = {10.1086/162639},
   adsurl = {http://adsabs.harvard.edu/abs/1984ApJ...286..644N},
  adsnote = {Provided by the SAO/NASA Astrophysics Data System}
}

@ARTICLE{gattibonocolella,
   author = {{Gatti-Bono}, C. and {Colella}, P.},
   title = "{An anelastic allspeed projection method for gravitationally stratified flows}",
   journal = {J. Comp. Phys.},
   year = 2006,
   volume = 216,
   issue = 2,
   pages = {589-615}
}

@ARTICLE{chamulak2008,
   author = {{Chamulak}, D.~A. and {Brown}, E.~F. and {Timmes}, F.~X. and 
             {Dupczak}, K.},
    title = "{The Reduction of the Electron Abundance during the Pre-explosion Simmering in White Dwarf Supernovae}",
  journal = {\apj},
archivePrefix = "arXiv",
   eprint = {astro-ph/0801.1643},
 keywords = {Galaxies: Evolution, Nuclear Reactions, Nucleosynthesis, Abundances, Stars: Supernovae: General, Stars: White Dwarfs},
     year = 2008,
    month = apr,
   volume = 677,
    pages = {160-168},
      doi = {10.1086/528944},
   adsurl = {http://adsabs.harvard.edu/abs/2008ApJ...677..160C},
  adsnote = {Provided by the SAO/NASA Astrophysics Data System}
}


@BOOK{tritton,
        author={{Tritton}, D.~J.},
        title={Physical Fluid Dynamics},
        publisher={Oxford Science Publications},
        edition={2},
        year={1988}
}

@ARTICLE{pfannes:2009b,
   author = {{Pfannes}, J.~M.~M. and {Niemeyer}, J.~C. and {Schmidt}, W.},
    title = "{Thermonuclear explosions of rapidly rotating white dwarfs. II. Detonations}",
  journal = {\aap},
archivePrefix = "arXiv",
   eprint = {astro-ph/0911.3545},
 primaryClass = "astro-ph.HE",
 keywords = {supernovae: general, hydrodynamics, methods: numerical},
     year = 2010,
    month = jan,
   volume = 509,
    pages = {A75+},
      doi = {10.1051/0004-6361/200912033},
   adsurl = {http://adsabs.harvard.edu/abs/2010A%26A...509A..75P},
  adsnote = {Provided by the SAO/NASA Astrophysics Data System}
}




@ARTICLE{sim:2010,
   author = {{Sim}, S.~A. and {R{\"o}pke}, F.~K. and {Hillebrandt}, W. and 
{Kromer}, M. and {Pakmor}, R. and {Fink}, M. and {Ruiter}, A.~J. and 
{Seitenzahl}, I.~R.},
    title = "{Detonations in Sub-Chandrasekhar-mass C+O White Dwarfs}",
  journal = {\apjl},
archivePrefix = "arXiv",
   eprint = {astro-ph/1003.2917},
 keywords = {radiative transfer, supernovae: general, white dwarfs },
     year = 2010,
    month = may,
   volume = 714,
    pages = {L52-L57},
      doi = {10.1088/2041-8205/714/1/L52},
   adsurl = {http://adsabs.harvard.edu/abs/2010ApJ...714L..52S},
  adsnote = {Provided by the SAO/NASA Astrophysics Data System}
}

@ARTICLE{shen:2010,
   author = {{Shen}, K.~J. and {Kasen}, D. and {Weinberg}, N.~N. and {Bildsten}, L. and 
{Scannapieco}, E.},
    title = "{Thermonuclear .Ia Supernovae from Helium Shell Detonations: Explosion Models and Observables}",
  journal = {\apj},
archivePrefix = "arXiv",
   eprint = {astro-ph/1002.2258},
 primaryClass = "astro-ph.HE",
 keywords = {binaries: close, novae, cataclysmic variables, nuclear reactions, nucleosynthesis, abundances, supernovae: general, white dwarfs},
     year = 2010,
    month = jun,
   volume = 715,
    pages = {767-774},
      doi = {10.1088/0004-637X/715/2/767},
   adsurl = {http://adsabs.harvard.edu/abs/2010ApJ...715..767S},
  adsnote = {Provided by the SAO/NASA Astrophysics Data System}
}

@ARTICLE{aspden-camcos,
  author = {A. J. Aspden and N. Nikiforakis and S. B. Dalziel and J. B. Bell},
   title = "{Analysis of Implicit LES Methods}",
    year = 2008,
 journal = {Communications in Applied Mathematics and Computational Science},
  volume = 3,
   pages = {103--126}
}


@ARTICLE{castro,
   author = {{Almgren}, A.~S. and {Beckner}, V.~E. and {Bell}, J.~B. and 
             {Day}, M.~S. and {Howell}, L.~H. and {Joggerst}, C.~C. and {Lijewski}, M.~J. and 
             {Nonaka}, A. and {Singer}, M. and {Zingale}, M.},
    title = "{CASTRO: A New Compressible Astrophysical Solver. I. Hydrodynamics and Self-gravity}",
  journal = APJ,
archivePrefix = "arXiv",
   eprint = {astro-ph/1005.0114},
 keywords = {equation of state, gravitation, hydrodynamics, methods:
                  numerical, nuclear reactions, nucleosynthesis,
                  abundances },
     year = 2010,
    month = jun,
   volume = 715,
    pages = {1221-1238},
      doi = {10.1088/0004-637X/715/2/1221},
   adsurl = {http://adsabs.harvard.edu/abs/2010ApJ...715.1221A},
  adsnote = {Provided by the SAO/NASA Astrophysics Data System}
}



@ARTICLE{woosley-scidac2007,
   author = {{Woosley}, S.~E. and {Almgren}, A. and {Bell}, J.~B. and {Glatzmaier}, G. and 
             {Kasen}, D. and {Kerstein}, A.~R. and {Ma}, H. and {Nugent}, P. and 
             {R{\"o}pke}, F. and {Sankaran}, V. and {Zingale}, M.},
    title = "{Type Ia supernovae}",
  journal = {Journal of Physics Conference Series},
     year = 2007,
    month = jul,
   volume = 78,
   number = 1,
    pages = {012081-+},
      doi = {10.1088/1742-6596/78/1/012081},
   adsurl = {http://adsabs.harvard.edu/abs/2007JPhCS..78a2081W},
  adsnote = {Provided by the SAO/NASA Astrophysics Data System}
}

@ARTICLE{scidac-scaling,
   author = {{Almgren}, A. and {Bell}, J. and {Kasen}, D. and
                  {Lijewski}, M. and {Nonaka}, A. and {Nugent}, P. and
                  {Rendleman}, C. and {Thomas}, R. and {Zingale}, M.},
    title = "{MAESTRO, CASTRO, and SEDONA -- Petascale Codes for Astrophysical Applications}",
  journal = {ArXiv e-prints},
archivePrefix = "arXiv",
   eprint = {1008.2801},
 primaryClass = "astro-ph.IM",
 keywords = {Astrophysics - Instrumentation and Methods for Astrophysics},
     year = 2010,
    month = aug,
   adsurl = {http://adsabs.harvard.edu/abs/2010arXiv1008.2801A},
  adsnote = {Provided by the SAO/NASA Astrophysics Data System}
}


@ARTICLE{scidac-supernova,
  author={H. Ma and M. Zingale and S. E. Woosley and A. J. Aspden and J. B. Bell 
          and A. S. Almgren and A. Nonaka and S. Dong},
   title={{Type Ia} supernovae: advances in large scale simulation},
 journal={Proceedings of SciDAC 2010},
   month={July},
    year={2010}
}

@ARTICLE{scidac-restart,
  author={A. Nonaka and A. S. Almgren and J. B. Bell and H. Ma. and 
          S. E. Woosley and M. Zingale},
   title={From Convection to Explosion: {E}nd-to-End Simulation of {Type Ia} supernovae},
 journal={Proceedings of SciDAC 2011},
   month={July},
    year={2011}
}

@ARTICLE{colella-pao,
  author = {{Colella}, P. and {Pao}, K.},
   title = "{A projection method for low speed flows}",
    year = 1999,
 journal = JCP,
  volume = 159,
   pages = {259--269}
}

@ARTICLE{gatti-bono,
  author = {{Gatti-Bono}, C. and {Colella}, P.},
   title = "{An anelastic allspeed projection method for gravitationally stratified flows}",
    year = 2006,
 journal = JCP,
  volume = 216,
   pages = {589--615}
}


@ARTICLE{cooper:2009,
   author = {{Cooper}, R.~L. and {Steiner}, A.~W. and {Brown}, E.~F.},
    title = "{Possible Resonances in the ^{12}C + ^{12}C Fusion Rate and Superburst Ignition}",
  journal = APJ,
archivePrefix = "arXiv",
   eprint = {astro-ph/0903.3994},
 primaryClass = "astro-ph.HE",
 keywords = {nuclear reactions, nucleosynthesis, abundances, stars: neutron, X-rays: bursts},
     year = 2009,
    month = sep,
   volume = 702,
    pages = {660-671},
      doi = {10.1088/0004-637X/702/1/660},
   adsurl = {http://adsabs.harvard.edu/abs/2009ApJ...702..660C},
  adsnote = {Provided by the SAO/NASA Astrophysics Data System}
}




@ARTICLE{iapichino:2010,
   author = {{Iapichino}, L. and {Lesaffre}, P.},
    title = "{Uncertainties and robustness of the ignition process in type Ia supernovae}",
  journal = AAP,
archivePrefix = "arXiv",
   eprint = {astro-ph/1001.2165},
 primaryClass = "astro-ph.SR",
 keywords = {supernovae: general, hydrodynamics, methods: numerical, nuclear reactions, nucleosynthesis, abundances, white dwarfs},
     year = 2010,
    month = mar,
   volume = 512,
    pages = {A27+},
      doi = {10.1051/0004-6361/200913306},
   adsurl = {http://adsabs.harvard.edu/abs/2010A%26A...512A..27I},
  adsnote = {Provided by the SAO/NASA Astrophysics Data System}
}

@ARTICLE{Woosley:2007,
   author = {{Woosley}, S.~E. and {Kasen}, D. and {Blinnikov}, S. and {Sorokina}, E.
},
    title = "{Type Ia Supernova Light Curves}",
  journal = {\apj},
   eprint = {arXiv:astro-ph/0609562},
 keywords = {Cosmology: Miscellaneous, Stars: Supernovae: General},
     year = 2007,
    month = jun,
   volume = 662,
    pages = {487-503},
      doi = {10.1086/513732},
   adsurl = {http://adsabs.harvard.edu/abs/2007ApJ...662..487W},
  adsnote = {Provided by the SAO/NASA Astrophysics Data System}
}

@ARTICLE{nomotokondo:1991,
   author = {{Nomoto}, K. and {Kondo}, Y.},
    title = "{Conditions for accretion-induced collapse of white dwarfs}",
  journal = APJL,
 keywords = {GLOBULAR CLUSTERS, GRAVITATIONAL COLLAPSE, PULSARS, STELLAR EVOLUTION, STELLAR MASS ACCRETION, WHITE DWARF STARS, BINARY STARS, NEUTRON STARS, STELLAR MODELS, X RAY BINARIES},
     year = 1991,
    month = jan,
   volume = 367,
    pages = {L19-L22},
      doi = {10.1086/185922},
   adsurl = {http://adsabs.harvard.edu/abs/1991ApJ...367L..19N},
  adsnote = {Provided by the SAO/NASA Astrophysics Data System}
}
@ARTICLE{motl:2007,
   author = {{Motl}, P.~M. and {Frank}, J. and {Tohline}, J.~E. and
                  {D'Souza}, M.~C.~R.},
    title = "{The Stability of Double White Dwarf Binaries Undergoing Direct-Impact Accretion}",
  journal = APJ,
   eprint = {arXiv:astro-ph/0702388},
 keywords = {Accretion, Accretion Disks, Stars: Binaries: Close, Hydrodynamics, Methods: Numerical, Stars: White Dwarfs},
     year = 2007,
    month = dec,
   volume = 670,
    pages = {1314-1325},
      doi = {10.1086/522076},
   adsurl = {http://adsabs.harvard.edu/abs/2007ApJ...670.1314M},
  adsnote = {Provided by the SAO/NASA Astrophysics Data System}
}
@ARTICLE{loren-aguilar:2009,
   author = {{Lor{\'e}n-Aguilar}, P. and {Isern}, J. and {Garc{\'{\i}}a-Berro}, E.},
    title = "{High-resolution smoothed particle hydrodynamics simulations of the merger of binary white dwarfs}",
  journal = AAP,
 keywords = {stars: white dwarfs, stars: interiors, stars:, binaries: close, hydrodynamics, accretion, accretion disks},
     year = 2009,
    month = jun,
   volume = 500,
    pages = {1193-1205},
      doi = {10.1051/0004-6361/200811060},
   adsurl = {http://adsabs.harvard.edu/abs/2009A%26A...500.1193L},
  adsnote = {Provided by the SAO/NASA Astrophysics Data System}
}

@ARTICLE{maeda:2010,
   author = {{Maeda}, K. and {Benetti}, S. and {Stritzinger}, M. and {R{\"o}pke}, F.~K. and 
{Folatelli}, G. and {Sollerman}, J. and {Taubenberger}, S. and 
{Mazzali}, P.~A. and {Elias-Rosa}, N.},
    title = "{An asymmetric explosion as the origin of spectral evolution diversity in type Ia supernovae}",
  journal = {\nat},
archivePrefix = "arXiv",
   eprint = {astro-ph/1006.5888},
 primaryClass = "astro-ph.CO",
     year = 2010,
    month = jul,
   volume = 466,
    pages = {82-85},
      doi = {10.1038/nature09122},
   adsurl = {http://adsabs.harvard.edu/abs/2010Natur.466...82M},
  adsnote = {Provided by the SAO/NASA Astrophysics Data System}
}

@ARTICLE{woosleykasen:2010,
   author = {{Woosley}, S.~E. and {Kasen}, D.},
    title = "{Sub-Chandrasekhar Mass Models for Supernovae}",
  journal = {\apj},
archivePrefix = "arXiv",
   eprint = {1010.5292},
 primaryClass = "astro-ph.HE",
 keywords = {hydrodynamics, instabilities, nuclear reactions, nucleosynthesis, abundances, shock waves, supernovae: general},
     year = 2011,
    month = jun,
   volume = 734,
      eid = {38},
    pages = {38},
      doi = {10.1088/0004-637X/734/1/38},
   adsurl = {http://adsabs.harvard.edu/abs/2011ApJ...734...38W},
  adsnote = {Provided by the SAO/NASA Astrophysics Data System}
}


@ARTICLE{kasen:2008,
   author = {{Kasen}, D. and {Thomas}, R.~C. and {R{\"o}pke}, F. and {Woosley}, S.~E.},
    title = "{Multidimensional radiative transfer calculations of the light curves and spectra of Type Ia supernovae}",
  journal = {Journal of Physics Conference Series},
     year = 2008,
    month = jul,
   volume = 125,
   number = 1,
    pages = {012007-+},
      doi = {10.1088/1742-6596/125/1/012007},
   adsurl = {http://adsabs.harvard.edu/abs/2008JPhCS.125a2007K},
  adsnote = {Provided by the SAO/NASA Astrophysics Data System}
}


@ARTICLE{lesaffre:2006,
   author = {{Lesaffre}, P. and {Han}, Z. and {Tout}, C.~A. and {Podsiadlowski}, P. and {Martin}, R.~G.},
    title = "{The C flash and the ignition conditions of Type Ia supernovae}",
  journal = {\mnras},
   eprint = {arXiv:astro-ph/0601443},
 keywords = {supernovae: Type Ia, white dwarfs},
     year = 2006,
    month = may,
   volume = 368,
    pages = {187-195},
      doi = {10.1111/j.1365-2966.2006.10068.x},
   adsurl = {http://adsabs.harvard.edu/abs/2006MNRAS.368..187L},
  adsnote = {Provided by the SAO/NASA Astrophysics Data System}
}

@ARTICLE{wdconvect,
   author = {M. Zingale and A. Nonaka and A. S. Almgren and J. B. Bell and C. M. Malone and S. E. Woosley},
    title = {The Convective Phase Preceding {Type Ia} Supernovae},
  journal = {\apj},
    year = {2011},
   volume = 740,
      eid = {8},
    pages = {8}
}

@ARTICLE{khokhlov:1997,
   author = {{Khokhlov}, A.~M. and {Oran}, E.~S. and {Wheeler}, J.~C.},
    title = "{Deflagration-to-Detonation Transition in Thermonuclear Supernovae}",
  journal = {\apj},
   eprint = {arXiv:astro-ph/9612226},
 keywords = {HYDRODYNAMICS, STARS: INTERIORS, STARS: SUPERNOVAE: GENERAL},
     year = 1997,
    month = mar,
   volume = 478,
    pages = {678-+},
      doi = {10.1086/303815},
   adsurl = {http://adsabs.harvard.edu/abs/1997ApJ...478..678K},
  adsnote = {Provided by the SAO/NASA Astrophysics Data System}
}


@ARTICLE{lisewski:2000,
   author = {{Lisewski}, A.~M. and {Hillebrandt}, W. and {Woosley}, S.~E. and 
{Niemeyer}, J.~C. and {Kerstein}, A.~R.},
    title = "{Distributed Burning in Type IA Supernovae: A Statistical Approach}",
  journal = {\apj},
   eprint = {arXiv:astro-ph/9909508},
 keywords = {Methods: Statistical, Nuclear Reactions, Nucleosynthesis, Abundances, Stars: Supernovae: General, Turbulence},
     year = 2000,
    month = jul,
   volume = 537,
    pages = {405-413},
      doi = {10.1086/309015},
   adsurl = {http://adsabs.harvard.edu/abs/2000ApJ...537..405L},
  adsnote = {Provided by the SAO/NASA Astrophysics Data System}
}


@ARTICLE{niemeyerhillebrandt1995,
   author = {{Niemeyer}, J.~C. and {Hillebrandt}, W.},
    title = "{Turbulent Nuclear Flames in Type IA Supernovae}",
  journal = {\apj},
 keywords = {NUCLEAR REACTIONS, NUCLEOSYNTHESIS, ABUNDANCES, STARS: INTERIORS, STARS: SUPERNOVAE: GENERAL},
     year = 1995,
    month = oct,
   volume = 452,
    pages = {769-+},
      doi = {10.1086/176345},
   adsurl = {http://adsabs.harvard.edu/abs/1995ApJ...452..769N},
  adsnote = {Provided by the SAO/NASA Astrophysics Data System}
}

@ARTICLE{mullerarnett1986,
   author = {{Mueller}, E. and {Arnett}, W.~D.},
    title = "{Carbon combustion supernovae - Numerical studies of the final evolution of degenerate carbon-oxygen cores}",
  journal = {\apj},
 keywords = {CARBON STARS, NUCLEAR FUSION, STELLAR CORES, STELLAR EVOLUTION, SUPERNOVAE, DETONATION WAVES, FLAME PROPAGATION, STELLAR MODELS, TAYLOR INSTABILITY},
     year = 1986,
    month = aug,
   volume = 307,
    pages = {619-643},
      doi = {10.1086/164448},
   adsurl = {http://adsabs.harvard.edu/abs/1986ApJ...307..619M},
  adsnote = {Provided by the SAO/NASA Astrophysics Data System}
}

@ARTICLE{livne1993,
   author = {{Livne}, E.},
    title = "{Numerical simulations of the convective flame in white dwarfs}",
  journal = {\apjl},
 keywords = {MASSIVE STARS, STELLAR MODELS, STELLAR PHYSICS, SUPERNOVAE, WHITE DWARF STARS, CONVECTIVE FLOW, TWO DIMENSIONAL MODELS},
     year = 1993,
    month = mar,
   volume = 406,
    pages = {L17-L20},
      doi = {10.1086/186776},
   adsurl = {http://adsabs.harvard.edu/abs/1993ApJ...406L..17L},
  adsnote = {Provided by the SAO/NASA Astrophysics Data System}
}


@ARTICLE{pan2008,
   author = {{Pan}, L. and {Wheeler}, J.~C. and {Scalo}, J.},
    title = "{The Effect of Turbulent Intermittency on the Deflagration to Detonation Transition in Supernova Ia Explosions}",
  journal = {\apj},
archivePrefix = "arXiv",
   eprint = {0803.1689},
 keywords = {Stars: Interiors, Stars: Supernovae: General, Turbulence},
     year = 2008,
    month = jul,
   volume = 681,
    pages = {470-481},
      doi = {10.1086/588575},
   adsurl = {http://adsabs.harvard.edu/abs/2008ApJ...681..470P},
  adsnote = {Provided by the SAO/NASA Astrophysics Data System}
}


@ARTICLE{roepke2004,
   author = {{R{\"o}pke}, F.~K. and {Hillebrandt}, W. and {Niemeyer}, J.~C.},
    title = "{The cellular burning regime in type Ia supernova explosions. II. Flame propagation into vortical fuel}",
  journal = {\aap},
   eprint = {arXiv:astro-ph/0312203},
 keywords = {stars: supernovae: general, hydrodynamics, instabilities, turbulence},
     year = 2004,
    month = jul,
   volume = 421,
    pages = {783-795},
      doi = {10.1051/0004-6361:20035778},
   adsurl = {http://adsabs.harvard.edu/abs/2004A%26A...421..783R},
  adsnote = {Provided by the SAO/NASA Astrophysics Data System}
}


@ARTICLE{aspden-bubble,
  author = {{Aspden}, A. J. and {Bell}, J.~B. and {Dong}, S. and {Woosley}, S.~E.},
   title = "{Burning Thermals in Type Ia Supernovae}",
 journal = {\apj},
    year = 2011,
  volume = {738},
   pages = {95-107},
}

@ARTICLE{ivanova1974,
   author = {{Ivanova}, L.~N. and {Imshennik}, V.~S. and {Chechetkin}, V.~M.},
    title = "{Pulsation regime of the thermonuclear explosion of a star's dense carbon core}",
  journal = {\apss},
 keywords = {ASTRONOMICAL MODELS, CARBON, HYDRODYNAMIC EQUATIONS, NUCLEAR EXPLOSIONS, NUCLEAR FUSION, STELLAR STRUCTURE, NEUTRINOS, NEUTRON STARS, NUMERICAL ANALYSIS, OSCILLATIONS, SUPERNOVAE},
     year = 1974,
    month = dec,
   volume = 31,
    pages = {497-514},
      doi = {10.1007/BF00644102},
   adsurl = {http://adsabs.harvard.edu/abs/1974Ap%26SS..31..497I},
  adsnote = {Provided by the SAO/NASA Astrophysics Data System}
}


@ARTICLE{bravogarciasenz:2006,
   author = {{Bravo}, E. and {Garc{\'{\i}}a-Senz}, D.},
    title = "{Beyond the Bubble Catastrophe of Type Ia Supernovae: Pulsating Reverse Detonation Models}",
  journal = {\apjl},
   eprint = {arXiv:astro-ph/0604025},
 keywords = {Hydrodynamics, Nuclear Reactions, Nucleosynthesis, Abundances, Stars: Supernovae: General, Ultraviolet: Stars},
     year = 2006,
    month = may,
   volume = 642,
    pages = {L157-L160},
      doi = {10.1086/504713},
   adsurl = {http://adsabs.harvard.edu/abs/2006ApJ...642L.157B},
  adsnote = {Provided by the SAO/NASA Astrophysics Data System}
}

@ARTICLE{khokhlov1991b,
   author = {{Khokhlov}, A.~M.},
    title = "{Nucleosynthesis in delayed detonation models of Type IA supernovae}",
  journal = {\aap},
 keywords = {NUCLEAR ASTROPHYSICS, STELLAR MODELS, SUPERNOVAE, HYDRODYNAMICS, WHITE DWARF STARS},
     year = 1991,
    month = may,
   volume = 245,
    pages = {L25-L28},
   adsurl = {http://adsabs.harvard.edu/abs/1991A%26A...245L..25K},
  adsnote = {Provided by the SAO/NASA Astrophysics Data System}
}

@ARTICLE{Fleck96,
   author = {{Fleck}, Jr., R.~C.},
    title = "{Scaling Relations for the Turbulent, Non--Self-gravitating, Neutral Component of the Interstellar Medium}",
  journal = {\apj},
 keywords = {HYDRODYNAMICS, ISM: CLOUDS, MAGNETOHYDRODYNAMICS: MHD, TURBULENCE},
     year = 1996,
    month = feb,
   volume = 458,
    pages = {739-+},
      doi = {10.1086/176853},
   adsurl = {http://adsabs.harvard.edu/abs/1996ApJ...458..739F},
  adsnote = {Provided by the SAO/NASA Astrophysics Data System}
}

@ARTICLE{Fleck83,
   author = {{Fleck}, Jr., R.~C.},
    title = "{A note on compressibility and energy cascade in turbulent molecular clouds}",
  journal = {\apjl},
 keywords = {COMPRESSIBILITY EFFECTS, INTERSTELLAR MATTER, MAGNETOHYDRODYNAMIC TURBULENCE, MOLECULAR CLOUDS, ENERGY TRANSFER, KOLMOGOROFF THEORY, SCALING LAWS, VELOCITY DISTRIBUTION},
     year = 1983,
    month = sep,
   volume = 272,
    pages = {L45-L48},
      doi = {10.1086/184114},
   adsurl = {http://adsabs.harvard.edu/abs/1983ApJ...272L..45F},
  adsnote = {Provided by the SAO/NASA Astrophysics Data System}
}

@ARTICLE{vonWeizsacker51,
   author = {{von Weizs{\"a}cker}, C.~F.},
    title = "{The Evolution of Galaxies and Stars.}",
  journal = {\apj},
     year = 1951,
    month = sep,
   volume = 114,
    pages = {165-+},
      doi = {10.1086/145462},
   adsurl = {http://adsabs.harvard.edu/abs/1951ApJ...114..165V},
  adsnote = {Provided by the SAO/NASA Astrophysics Data System}
}

@ARTICLE{Kaneda03,
   author = {{Kaneda}, Y. and {Ishihara}, T. and {Yokokawa}, M. and {Itakura}, K. and 
	{Uno}, A.},
    title = "{Energy dissipation rate and energy spectrum in high resolution direct numerical simulations of turbulence in a periodic box}",
  journal = {Physics of Fluids},
     year = 2003,
    month = feb,
   volume = 15,
    pages = {L21-L24},
}

@ARTICLE{Saddoughi94,
   author = {{Saddoughi}, S.~G. and {Veeravalli}, S.~V.},
    title = "{Local isotropy in turbulent boundary layers at high Reynolds number}",
  journal = {Journal of Fluid Mechanics},
     year = 1994,
   volume = 268,
    pages = {333-372},
}

@ARTICLE{Porter94,
   author = {{Porter}, D.~H. and {Pouquet}, A. and {Woodward}, P.~R.},
    title = "{Kolmogorov-like spectra in decaying three-dimensional supersonic flows}",
  journal = {Physics of Fluids},
     year = 1994,
    month = jun,
   volume = 6,
    pages = {2133-2142},
} 


@ARTICLE{blondin:2011,
   author = {{Blondin}, S. and {Kasen}, D. and {Roepke}, F.~K. and {Kirshner}, R.~P. and 
{Mandel}, K.~S.},
    title = "{Confronting 2D delayed-detonation models with light curves and spectra of Type Ia supernovae}",
  journal = {ArXiv e-prints},
archivePrefix = "arXiv",
   eprint = {1107.0009},
 primaryClass = "astro-ph.HE",
 keywords = {Astrophysics - High Energy Astrophysical Phenomena, Astrophysics - Solar and Stellar Astrophysics},
     year = 2011,
    month = jun,
   adsurl = {http://adsabs.harvard.edu/abs/2011arXiv1107.0009B},
  adsnote = {Provided by the SAO/NASA Astrophysics Data System}
}

@ARTICLE{malone:2011,
   author = {{Malone}, C.~M. and {Nonaka}, A. and {Almgren}, A.~S. and {Bell}, J.~B. and {Zingale}, M.},
    title = "{Multidimensional Modeling of Type I X-ray Bursts. I. Two-dimensional Convection Prior to the Outburst of a Pure $^{4}$He Accretor}",
  journal = {\apj},
archivePrefix = "arXiv",
   eprint = {1012.0609},
 primaryClass = "astro-ph.HE",
 keywords = {convection, hydrodynamics, methods: numerical, stars: neutron, X-rays: bursts},
     year = 2011,
    month = feb,
   volume = 728,
      eid = {118},
    pages = {118},
      doi = {10.1088/0004-637X/728/2/118},
   adsurl = {http://adsabs.harvard.edu/abs/2011ApJ...728..118M},
  adsnote = {Provided by the SAO/NASA Astrophysics Data System}
}


@ARTICLE{fink:2007,
   author = {{Fink}, M. and {Hillebrandt}, W. and {R{\"o}pke}, F.~K.},
    title = "{Double-detonation supernovae of sub-Chandrasekhar mass white dwarfs}",
  journal = AAP,
archivePrefix = "arXiv",
   eprint = {0710.5486},
 keywords = {supernovae: general, nuclear reactions, nucleosynthesis, , abundances, hydrodynamics, methods: numerical},
     year = 2007,
    month = dec,
   volume = 476,
    pages = {1133-1143},
      doi = {10.1051/0004-6361:20078438},
   adsurl = {http://adsabs.harvard.edu/abs/2007A%26A...476.1133F}, 
  adsnote = {Provided by the SAO/NASA Astrophysics Data System}
}

@ARTICLE{fink:2010,
   author = {{Fink}, M. and {Roepke}, F.~K. and {Hillebrandt}, W. and
                  {Seitenzahl}, I.~R. and {Sim}, S.~A. and {Kromer},
                  M.},
    title = "{Double-detonation sub-Chandrasekhar supernovae: can minimum helium shell masses detonate the core?}",
  journal = AAP,
 keywords = {supernovae: general, nuclear reactions, nucleosynthesis, abundances, hydrodynamics, methods: numerical},
     year = 2010,
    month = may,
   volume = 514,
    pages = {A53+},
      doi = {10.1051/0004-6361/200913892},
   adsurl = {http://adsabs.harvard.edu/abs/2010A%26A...514A..53F},
  adsnote = {Provided by the SAO/NASA Astrophysics Data System}
}


@ARTICLE{wdTurb,
   author = {{Nonaka}, A. and {Aspden}, A.~J. and {Zingale}, M. and 
             {Almgren}, A.~S. and {Bell}, J.~B. and {Woosley}, S.~E.},
    title = "{High-resolution Simulations of Convection Preceding Ignition in Type Ia Supernovae Using Adaptive Mesh Refinement}",
  journal = {\apj},
archivePrefix = "arXiv",
   eprint = {1111.3086},
 primaryClass = "astro-ph.HE",
 keywords = {convection, hydrodynamics, methods: numerical, nuclear reactions, nucleosynthesis, abundances, supernovae: general, white dwarfs},
     year = 2012,
    month = jan,
   volume = 745,
      eid = {73},
    pages = {73},
      doi = {10.1088/0004-637X/745/1/73},
   adsurl = {http://adsabs.harvard.edu/abs/2012ApJ...745...73N},
  adsnote = {Provided by the SAO/NASA Astrophysics Data System}
}


@ARTICLE{mocak:2010,
   author = {{Moc{\'a}k}, M. and {Campbell}, S.~W. and {M{\"u}ller}, E. and 
{Kifonidis}, K.},
    title = "{The core helium flash revisited. III. From Population I to Population III stars}",
  journal = {\aap},
archivePrefix = "arXiv",
   eprint = {1003.3646},
 primaryClass = "astro-ph.SR",
 keywords = {stars: evolution, hydrodynamics, convection},
     year = 2010,
    month = sep,
   volume = 520,
      eid = {A114},
    pages = {A114},
      doi = {10.1051/0004-6361/201014461},
   adsurl = {http://adsabs.harvard.edu/abs/2010A%26A...520A.114M},
  adsnote = {Provided by the SAO/NASA Astrophysics Data System}
}

@ARTICLE{townsley:2012,
   author = {{Townsley}, D.~M. and {Moore}, K. and {Bildsten}, L.},
    title = "{Laterally Propagating Detonations in Thin Helium Layers on Accreting White Dwarfs}",
  journal = {\apj},
archivePrefix = "arXiv",
   eprint = {1205.6517},
 primaryClass = "astro-ph.SR",
 keywords = {hydrodynamics, nuclear reactions, nucleosynthesis, abundances, white dwarfs},
     year = 2012,
    month = aug,
   volume = 755,
      eid = {4},
    pages = {4},
      doi = {10.1088/0004-637X/755/1/4},
   adsurl = {http://adsabs.harvard.edu/abs/2012ApJ...755....4T},
  adsnote = {Provided by the SAO/NASA Astrophysics Data System}
}

@ARTICLE{weaver-woosley:1993,
   author = {{Weaver}, T.~A. and {Woosley}, S.~E.},
    title = "{Nucleosynthesis in massive stars and the $^{12}$C({$\alpha$}, {$\gamma$})$^{16}$O reaction rate}",
  journal = {\physrep},
     year = 1993,
    month = may,
   volume = 227,
    pages = {65-96},
      doi = {10.1016/0370-1573(93)90058-L},
   adsurl = {http://adsabs.harvard.edu/abs/1993PhR...227...65W},
  adsnote = {Provided by the SAO/NASA Astrophysics Data System}
}

@ARTICLE{garnett:1997,
   author = {{Garnett}, D.~R.},
    title = "{Constraints on the $^{12}$C({$\alpha$},{$\gamma$})$^{16}$O nuclear reaction rate from Hubble Space Telescope observations of C/(O) in low-abundance galaxies}",
  journal = {Nuclear Physics A},
     year = 1997,
    month = feb,
   volume = 621,
    pages = {27-30},
      doi = {10.1016/S0375-9474(97)00206-6},
   adsurl = {http://adsabs.harvard.edu/abs/1997NuPhA.621...27G},
  adsnote = {Provided by the SAO/NASA Astrophysics Data System}
}


@ARTICLE{livneglasner,
   author = {{Livne}, E. and {Glasner}, A.~S.},
    title = "{Geometrical effects in off-center detonation of helium shells}",
  journal = {\apj},
 keywords = {B STARS, DETONATION, GEOMETRY, SUPERNOVAE, WHITE DWARF STARS, CARBON STARS, OXYGEN, STELLAR INTERIORS, STELLAR MODELS},
     year = 1990,
    month = sep,
   volume = 361,
    pages = {244-250},
      doi = {10.1086/169189},
   adsurl = {http://adsabs.harvard.edu/abs/1990ApJ...361..244L},
  adsnote = {Provided by the SAO/NASA Astrophysics Data System}
}


@ARTICLE{livne:1990,
   author = {{Livne}, E.},
    title = "{Successive detonations in accreting white dwarfs as an alternative mechanism for type I supernovae}",
  journal = {\apjl},
 keywords = {NUCLEAR FUSION, STELLAR MASS ACCRETION, SUPERNOVAE, WHITE DWARF STARS, ASTRONOMICAL MODELS, SHOCK WAVES, STELLAR CORES, STELLAR MASS},
     year = 1990,
    month = may,
   volume = 354,
    pages = {L53-L55},
      doi = {10.1086/185721},
   adsurl = {http://adsabs.harvard.edu/abs/1990ApJ...354L..53L},
  adsnote = {Provided by the SAO/NASA Astrophysics Data System}
}


@ARTICLE{woosleyweaver:1994,
   author = {{Woosley}, S.~E. and {Weaver}, T.~A.},
    title = "{Sub-Chandrasekhar mass models for Type IA supernovae}",
  journal = {\apj},
 keywords = {ASTRONOMICAL MODELS, CHANDRASEKHAR EQUATION, NUCLEAR FUSION, STELLAR EVOLUTION, STELLAR MASS, SUPERNOVAE, ABUNDANCE, DETONATION WAVES, ENERGY TRANSFER, STELLAR INTERIORS, STELLAR LUMINOSITY},
     year = 1994,
    month = mar,
   volume = 423,
    pages = {371-379},
      doi = {10.1086/173813},
   adsurl = {http://adsabs.harvard.edu/abs/1994ApJ...423..371W},
  adsnote = {Provided by the SAO/NASA Astrophysics Data System}
}


@ARTICLE{wiggins:1998,
   author = {{Wiggins}, D.~J.~R. and {Sharpe}, G.~J. and {Falle}, S.~A.~E.~G.
},
    title = "{Double detonations at the core-envelope boundary in Type IA supernovae}",
  journal = {\mnras},
 keywords = {NUCLEAR REACTIONS, NUCLEOSYNTHESIS, ABUNDANCES, SHOCK WAVES, SUPERNOVAE: GENERAL},
     year = 1998,
    month = dec,
   volume = 301,
    pages = {405-413},
      doi = {10.1046/j.1365-8711.1998.02007.x},
   adsurl = {http://adsabs.harvard.edu/abs/1998MNRAS.301..405W},
  adsnote = {Provided by the SAO/NASA Astrophysics Data System}
}


@ARTICLE{wiggins:1997,
   author = {{Wiggins}, D.~J.~R. and {Falle}, S.~A.~E.~G.},
    title = "{Two-dimensional detonation waves in Type IA supernovae}",
  journal = {\mnras},
 keywords = {HYDRODYNAMICS, SHOCK WAVES, SUPERNOVAE: GENERAL},
     year = 1997,
    month = may,
   volume = 287,
    pages = {575-582},
   adsurl = {http://adsabs.harvard.edu/abs/1997MNRAS.287..575W},
  adsnote = {Provided by the SAO/NASA Astrophysics Data System}
}


@ARTICLE{garcia:1999,
   author = {{Garc{\'{\i}}a-Senz}, D. and {Bravo}, E. and {Woosley}, S.~E.
},
    title = "{Single and multiple detonations in white dwarfs}",
  journal = {\aap},
 keywords = {STARS: SUPERNOVAE: GENERAL, STARS: WHITE DWARFS, HYDRODYNAMICS},
     year = 1999,
    month = sep,
   volume = 349,
    pages = {177-188},
   adsurl = {http://adsabs.harvard.edu/abs/1999A%26A...349..177G},
  adsnote = {Provided by the SAO/NASA Astrophysics Data System}
}


@ARTICLE{hoeflichkhokhlov:1996,
   author = {{Hoeflich}, P. and {Khokhlov}, A.},
    title = "{Explosion Models for Type IA Supernovae: A Comparison with Observed Light Curves, Distances, H 0, and Q 0}",
  journal = {\apj},
   eprint = {arXiv:astro-ph/9602025},
 keywords = {STARS: SUPERNOVAE: GENERAL, HYDRODYNAMICS, COSMOLOGY: DISTANCE SCALE, NUCLEAR REACTIONS, NUCLEOSYNTHESIS, ABUNDANCES, RADIATIVE TRANSFER, STARS: INTERIORS},
     year = 1996,
    month = feb,
   volume = 457,
    pages = {500},
      doi = {10.1086/176748},
   adsurl = {http://adsabs.harvard.edu/abs/1996ApJ...457..500H},
  adsnote = {Provided by the SAO/NASA Astrophysics Data System}
}

@ARTICLE{hoeflich:1996,
   author = {{Hoeflich}, P. and {Khokhlov}, A. and {Wheeler}, J.~C. and {Phillips}, M.~M. and 
{Suntzeff}, N.~B. and {Hamuy}, M.},
    title = "{Maximum Brightness and Postmaximum Decline of Light Curves of Type IA Supernovae: A Comparison of Theory and Observations}",
  journal = {\apjl},
   eprint = {arXiv:astro-ph/9609070},
 keywords = {COSMOLOGY: DISTANCE SCALE, STARS: SUPERNOVAE: GENERAL, COSMOLOGY: THEORY, COSMOLOGY: OBSERVATIONS},
     year = 1996,
    month = dec,
   volume = 472,
    pages = {L81},
      doi = {10.1086/310363},
   adsurl = {http://adsabs.harvard.edu/abs/1996ApJ...472L..81H},
  adsnote = {Provided by the SAO/NASA Astrophysics Data System}
}


@ARTICLE{nugent:1997,
   author = {{Nugent}, P. and {Baron}, E. and {Branch}, D. and {Fisher}, A. and{Hauschildt}, P.~H.},
    title = "{Synthetic Spectra of Hydrodynamic Models of Type IA Supernovae}",
  journal = {\apj},
   eprint = {arXiv:astro-ph/9612044},
 keywords = {HYDRODYNAMICS, STARS: INTERIORS, STARS: SUPERNOVAE: GENERAL},
     year = 1997,
    month = aug,
   volume = 485,
    pages = {812},
      doi = {10.1086/304459},
   adsurl = {http://adsabs.harvard.edu/abs/1997ApJ...485..812N},
  adsnote = {Provided by the SAO/NASA Astrophysics Data System}
}
 
@ARTICLE{kromer:2010,
   author = {{Kromer}, M. and {Sim}, S.~A. and {Fink}, M. and {R{\"o}pke}, F.~K. and 
{Seitenzahl}, I.~R. and {Hillebrandt}, W.},
    title = "{Double-detonation Sub-Chandrasekhar Supernovae: Synthetic Observables for Minimum Helium Shell Mass Models}",
  journal = {\apj},
archivePrefix = "arXiv",
   eprint = {1006.4489},
 primaryClass = "astro-ph.HE",
 keywords = {methods: numerical, radiative transfer, supernovae: general},
     year = 2010,
    month = aug,
   volume = 719,
    pages = {1067-1082},
      doi = {10.1088/0004-637X/719/2/1067},
   adsurl = {http://adsabs.harvard.edu/abs/2010ApJ...719.1067K},
  adsnote = {Provided by the SAO/NASA Astrophysics Data System}
}
