@String{ JCP     = "J Comput Phys"}
@String{ JAS     = "J Atm Sci"}
@String{ AJ      = "Astrono J"}
@String{ APJ     = "Astrophys J"}
@String{ APJL    = "Astrophys J Lett"}
@String{ APJ:sup = "Astrophys J Suppl S"}
@String{ AAP     = "Astron Astrophys"}
@String{ APSS     = "Astrophys Space Sci"}
@String{ SJSSC   = "SIAM J Sci Statist Comput"}
@String{ NAT   = "Nature"}
@String{ MNRAS   = "Mon Not R Astron Soc"}

@ARTICLE{colellaglaz1985,
   author = {{Colella}, P. and {Glaz}, H.~M.},
    title = "{Efficient solution algorithms for the Riemann problem for real gases}",
  journal = {Journal of Computational Physics},
     year = 1985,
    month = jun,
   volume = 59,
    pages = {264-289}
}

@article{ppm,
     author={P. Colella and P.~R. Woodward},
     journal=JCP,
     title={The Piecewise Parabolic Method (PPM) for gas-dynamical simulations},
     year=1984,
     volume=54,
     pages={174--201}
}

@article{ppmunsplit,
     author={{Miller}, G.~H. and {Colella}, P.},
     journal=JCP,
     title="{A Conservative Three-Dimensional Eulerian Method for Coupled Solid-Fluid
             Shock Capturing}",
     year=2002,
     volume=183,
     pages={26--82}
}

@ARTICLE{yoon:2007,
   author = {{Yoon}, {S.-C.} and {Podsiadlowski}, P. and {Rosswog}, S.},
    title = "{Remnant evolution after a carbon-oxygen white dwarf merger}",
  journal = MNRAS,
archivePrefix = "arXiv",
   eprint = {0704.0297},
 keywords = {accretion, accretion discs, stars: evolution, supernovae: general, 
white dwarfs},
     year = 2007,
    month = sep,
   volume = 380,
    pages = {933-948},
      doi = {10.1111/j.1365-2966.2007.12161.x},
   adsurl = {http://adsabs.harvard.edu/abs/2007MNRAS.380..933Y},
  adsnote = {Provided by the SAO/NASA Astrophysics Data System}
}



@ARTICLE{castro,
   author = {{Almgren}, A.~S. and {Beckner}, V.~E. and {Bell},
                  J.~B. and {Day}, M.~S. and {Howell}, L.~H. and
                  {Joggerst}, C.~C. and {Lijewski}, M.~J. and
                  {Nonaka}, A. and {Singer}, M. and {Zingale}, M.},
    title = "{CASTRO: A New Compressible Astrophysical
                  Solver. I. Hydrodynamics and Self-gravity}",
  journal = APJ,
archivePrefix = "arXiv",
   eprint = {1005.0114},
 keywords = {equation of state, gravitation, hydrodynamics, methods:
                  numerical, nuclear reactions, nucleosynthesis,
                  abundances },
     year = 2010,
    month = jun,
   volume = 715,
    pages = {1221-1238},
      doi = {10.1088/0004-637X/715/2/1221},
   adsurl = {http://adsabs.harvard.edu/abs/2010ApJ...715.1221A},
  adsnote = {Provided by the SAO/NASA Astrophysics Data System}
}


@ARTICLE{castro:II,
   author = {{Zhang}, W. and {Howell}, L. and {Almgren}, A. and {Burrows}, A. and 
{Bell}, J.},
    title = "{CASTRO: A New Compressible Astrophysical Solver. II. Gray Radiation Hydrodynamics}",
  journal = {\apjs},
archivePrefix = "arXiv",
   eprint = {1105.2466},
 primaryClass = "astro-ph.IM",
 keywords = {diffusion, hydrodynamics, methods: numerical, radiative transfer},
     year = 2011,
    month = oct,
   volume = 196,
      eid = {20},
    pages = {20},
      doi = {10.1088/0067-0049/196/2/20},
   adsurl = {http://adsabs.harvard.edu/abs/2011ApJS..196...20Z},
  adsnote = {Provided by the SAO/NASA Astrophysics Data System}
}


@article{Khok95,
        Adsnote = {Provided by the NASA Astrophysics Data System},
        Adsurl = {http://adsabs.harvard.edu/cgi-bin/nph-bib_query?bibcode=1995ApJ...449..695K&amp;db_key=AST},
        Author = {{Khokhlov}, A.~M.},
        Date-Modified = {2007-02-16 09:36:22 -0500},
        Journal = APJ,
        Local-Url = {file://localhost/Users/Shared/Articles/Khokhlov/Propagation%20of%20Turbulent%20Flames%20in%20Supernovae.pdf},
        Pages = {695},
        Title = {Propagation of Turbulent Flames in Supernovae},
        Volume = {449},
        Year = {1995}}


@article{VladWeirRyzh06,
        Author = {{Vladimirova}, N. and {Weirs}, G. and {Ryzhik}, L.},
        Journal = {Combust. Theory Modelling},
        Number = 5,
        Pages = {727-747},
        Title = {{Flame capturing with an advection-reaction-diffusion model}},
        Volume = 10,
        Year = 2006}

@article{timmes92,
        Adsnote = {Provided by the NASA Astrophysics Data System},
        Author = {{Timmes}, F. X. and {Woosley}, S. E.},
        Date-Modified = {2007-02-16 09:44:16 -0500},
        Journal = APJ,
        Local-Url = {file://localhost/Users/Shared/Articles/Timmes/The%20conductive%20propagation%20of%20nuclear%20flames.%20I%20-%20Degenerate.pdf},
        Pages = {649},
        Title = {The Conductive Propagation of Nuclear Flames. {I - Degenerate C + O and O + Ne + Mg} White Dwarfs},
        Volume = {396},
        Year = {1992}}

@article{ChamBrowTimm07,
        Author = {Chamulak, D. A. and Brown, E. F. and {Timmes}, F. X.},
        Date-Added = {2007-01-22 19:37:13 -0500},
        Date-Modified = {2007-02-18 20:33:11 -0500},
        Doi = {10.1086/511856},
        Eprint = {astro-ph/0612507},
        Journal = APJL,
        Local-Url = {file://localhost/Users/Shared/Articles/Chamulak/The%20Laminar%20Flame%20Speedup%20by%20$%5E22$Ne%20Enrichment.pdf},
        Month = {February},
        Pages = {L93},
        Title = {{The Laminar Flame Speedup by $^{22}$Ne Enrichment in White Dwarf Supernovae}},
        Url = {http://www.journals.uchicago.edu/cgi-bin/resolve?id=msid:ApJL21250},
        Volume = {655},
        Year = {2007}}


@article{gamezo.khokhlov.ea:thermonuclear,
        Adsnote = {Provided by the NASA Astrophysics Data System},
        Adsurl = {http://adsabs.harvard.edu/cgi-bin/nph-bib_query?bibcode=2003Sci...299...77G&db_key=AST},
        Author = {{Gamezo}, V.~N. and {Khokhlov}, A.~M. and {Oran}, E.~S. and {Chtchelkanova}, A.~Y. and {Rosenberg}, R.~O.},
        Date-Modified = {2007-02-16 09:31:16 -0500},
        Journal = {Science},
        Local-Url = {file://localhost/Users/Shared/Articles/Gamezo/Thermonuclear%20Supernovae%20Simulations%20of%20the%20Deflagration%20Stage.pdf},
        Pages = {77},
        Title = {Thermonuclear Supernovae: Simulations of the Deflagration Stage and Their Implications},
        Volume = {299},
        Year = {2003}}

@article{Caldetal07,
        Adsnote = {Provided by the Smithsonian/NASA Astrophysics Data System},
        Adsurl = {http://adsabs.harvard.edu/abs/2007ApJ...656..313C},
        Author = {{Calder}, A.~C. and {Townsley}, D.~M. and
                  {Seitenzahl}, I.~R. and {Peng}, F. and {Messer},
                  O.~E.~B. and {Vladimirova}, N. and {Brown},
                  E.~F. and {Truran}, J.~W. and {Lamb}, D.~Q.},
        Date-Added = {2007-12-18 23:17:49 -0500},
        Date-Modified = {2007-12-18 23:17:49 -0500},
        Doi = {10.1086/510709},
        Eprint = {arXiv:astro-ph/0611009},
        Journal = APJ,
        Local-Url = {file://localhost/Users/Shared/Articles/Calder/Capturing%20the%20Fire%20Flame%20Energetics%20and%20Neutronization.pdf},
        Month = feb,
        Pages = {313-332},
        Title = {{Capturing the Fire: Flame Energetics and Neutronization for Type Ia Supernova Simulations}},
        Volume = 656,
        Year = 2007}

@article{townsley.calder.ea:flame,
        Adsnote = {Provided by the SAO/NASA Astrophysics Data System},
        Adsurl = {http://adsabs.harvard.edu/abs/2007ApJ...668.1118T},
        Author = {{Townsley}, D.~M. and {Calder}, A.~C. and {Asida}, S.~M. and   {Seitenzahl}, I.~R. and {Peng}, F. and {Vladimirova}, N. and   {Lamb}, D.~Q. and {Truran}, J.~W.},
        Doi = {10.1086/521013},
        Eprint = {arXiv:0706.1094},
        Journal = APJ,
        Keywords = {Hydrodynamics, Nuclear Reactions, Nucleosynthesis, Abundances, Stars: Supernovae: General, Stars: White Dwarfs},
        Month = oct,
        Pages = {1118-1131},
        Title = {{Flame Evolution During Type Ia Supernovae and the Deflagration Phase in the Gravitationally Confined Detonation Scenario}},
        Volume = 668,
        Year = 2007,
        Bdsk-Url-1 = {http://dx.doi.org/10.1086/521013}}

@ARTICLE{townetal09,
   author = {{Townsley}, D.~M. and {Jackson}, A.~P. and {Calder}, A.~C. and 
	{Chamulak}, D.~A. and {Brown}, E.~F. and {Timmes}, F.~X.},
    title = "{Evaluating Systematic Dependencies of Type Ia Supernovae: The Influence of Progenitor $^{22}$Ne Content on Dynamics}",
  journal = APJ,
archivePrefix = "arXiv",
   eprint = {0906.4384},
 keywords = {hydrodynamics, nuclear reactions, nucleosynthesis, abundances, supernovae: general, white dwarfs},
     year = 2009,
    month = aug,
   volume = 701,
    pages = {1582-1604},
      doi = {10.1088/0004-637X/701/2/1582},
   adsurl = {http://adsabs.harvard.edu/abs/2009ApJ...701.1582T},
  adsnote = {Provided by the SAO/NASA Astrophysics Data System}
}


@article{langanke.martinez-pinedo:weak,
        Author = {Langanke, K. and {Mart\'inez-Pinedo}, G.},
        Date-Modified = {2007-02-16 09:36:38 -0500},
        Journal = {At.\ Data Nucl.\ Data Tables},
        Local-Url = {file://localhost/Users/Shared/Articles/Langanke/Weak%20Rates.pdf},
        Pages = {1},
        Title = {Rate Tables for the Weak Processes of pf-shell Nuclei in Stellar Environments},
        Volume = {79},
        Year = {2001}}


@article{Meaketal09,
        Adsnote = {Provided by the SAO/NASA Astrophysics Data System},
        Adsurl = {http://adsabs.harvard.edu/abs/2008arXiv0806.4972M},
        Archiveprefix = {arXiv},
        Author = {{Meakin}, C.~A. and {Seitenzahl}, I. and {Townsley}, D. and   {Jordan}, IV, G.~C. and {Truran}, J. and {Lamb}, D.},
        Eprint = {0806.4972},
        Journal = APJ,
        Keywords = {Astrophysics},
        Month = jun,
        Note = {in press, arXiv:0806.4972},
        Title = {{Study of the Detonation Phase in the Gravitationally Confined Detonation Model of Type Ia Supernovae}},
        Year = 2008}

@article{GameKhokOran05,
        Adsnote = {Provided by the Smithsonian/NASA Astrophysics Data System},
        Adsurl = {http://adsabs.harvard.edu/cgi-bin/nph-bib_query?bibcode=2005ApJ...623..337G&db_key=AST},
        Author = {{Gamezo}, V.~N. and {Khokhlov}, A.~M. and {Oran}, E.~S.},
        Date-Added = {2006-10-09 17:16:39 -0400},
        Date-Modified = {2007-02-16 09:31:07 -0500},
        Doi = {10.1086/428767},
        Eprint = {astro-ph/0409598},
        Journal = APJ,
        Local-Url = {file://localhost/Users/Shared/Articles/Gamezo/Three-dimensional%20Delayed-Detonation%20Model%20of%20Type%20Ia%20Supernovae.pdf},
        Month = apr,
        Pages = {337-346},
        Title = {Three-dimensional Delayed-Detonation Model of Type {Ia} Supernovae},
        Volume = 623,
        Year = 2005}

@article{khokhlov91+dd,
        Author = {{Khokhlov}, A.~M.},
        Journal = AAP,
        Pages = {114-128},
        Title = {{Delayed detonation model for type Ia supernovae}},
        Volume = {245},
        Year = {1991}}

@article{khokhlov+00,
        Author = {{Khokhlov}, A.~M.},
        Journal = APJ,
        Title = {{Three-Dimensional Modeling of the Deflagration Stage of a Type Ia Supernova Explosion}},
        Volume = {submitted, astro-ph/0008463},
        Year = 2000}

@ARTICLE{Colietal00,
   author = {{Colin}, O. and {Ducros}, F. and {Veynante}, D. and {Poinsot},
T.
        },
    title = "{A thickened flame model for large eddy simulations of turbulent
premixed combustion}",
  journal = {Physics of Fluids},
     year = 2000,
    month = jul,
   volume = 12,
    pages = {1843-1863},
      doi = {10.1063/1.870436},
   adsurl = {http://adsabs.harvard.edu/abs/2000PhFl...12.1843C},
  adsnote = {Provided by the Smithsonian/NASA Astrophysics Data System}
}



@ARTICLE{phillips1993,
   author = {{Phillips}, M.~M.},
    title = "{The absolute magnitudes of Type IA supernovae}",
  journal = APJL,
     year = 1993,
   volume = 413,
    pages = {L105-L108},
      doi = {10.1086/186970}
}

@ARTICLE{riess1998,
   author = {{Riess}, A.~G. and {Filippenko}, A.~V. and {Challis}, P. and
             {Clocchiatti}, A. and {Diercks}, A. and {Garnavich}, P.~M. and
             {Gilliland}, R.~L. and {Hogan}, C.~J. and {Jha}, S. and {Kirshner}, R.~P. and
             {Leibundgut}, B. and {Phillips}, M.~M. and {Reiss}, D. and {Schmidt}, B.~P. and
             {Schommer}, R.~A. and {Smith}, R.~C. and {Spyromilio}, J. and
             {Stubbs}, C. and {Suntzeff}, N.~B. and {Tonry}, J.},
    title = "{Observational Evidence from Supernovae for an Accelerating Universe and a Cosmological Constant}",
  journal = AJ,
     year = 1998,
   volume = 116,
    pages = {1009-1038},
      doi = {10.1086/300499}
}


@ARTICLE{perlmutter1999,
   author = {{Perlmutter}, S. and {Aldering}, G. and {Goldhaber}, G. and
             {Knop}, R.~A. and {Nugent}, P. and {Castro}, P.~G. and {Deustua}, S. and
             {Fabbro}, S. and {Goobar}, A. and {Groom}, D.~E. and {Hook}, I.~M. and
             {Kim}, A.~G. and {Kim}, M.~Y. and {Lee}, J.~C. and {Nunes}, N.~J. and
             {Pain}, R. and {Pennypacker}, C.~R. and {Quimby}, R. and {Lidman}, C. and
             {Ellis}, R.~S. and {Irwin}, M. and {McMahon}, R.~G. and {Ruiz-Lapuente}, P. and
             {Walton}, N. and {Schaefer}, B. and {Boyle}, B.~J. and {Filippenko}, A.~V. and
             {Matheson}, T. and {Fruchter}, A.~S. and {Panagia}, N. and {Newberg}, H.~J.~M. and
             {Couch}, W.~J. and {The Supernova Cosmology Project}},
    title = "{Measurements of Omega and Lambda from 42 High-Redshift Supernovae}",
  journal = APJ,
     year = 1999,
   volume = 517,
    pages = {565-586},
      doi = {10.1086/307221}
}

@ARTICLE{leibundgut2001,
   author = {{Leibundgut}, B.},
    title = "{Cosmological Implications from Observations of Type Ia Supernovae}",
  journal =      {Annu. Rev. Astron. Astrophys},
     year = 2001,
   volume = 39,
    pages = {67-98},
      doi = {10.1146/annurev.astro.39.1.67},
}


@ARTICLE{SNturb,
   author = {{Aspden}, A.~J. and {Bell}, J.~B. and {Day}, M.~S. and {Woosley}, S.~E. and 
             {Zingale}, M.},
    title = "{Turbulence-Flame Interactions in Type Ia Supernovae}",
  journal = APJ,
archivePrefix = "arXiv",
   eprint = {0811.2816},
 keywords = {Conduction, Hydrodynamics, Methods: Numerical, Nuclear Reactions, Nucleosynthesis, Abundances, Stars: Supernovae: General, Turbulence, Stars: White Dwarfs},
     year = 2008,
    month = dec,
   volume = 689,
    pages = {1173-1185},
      doi = {10.1086/592726},
   adsurl = {http://adsabs.harvard.edu/abs/2008ApJ...689.1173A},
  adsnote = {Provided by the SAO/NASA Astrophysics Data System}
}

@ARTICLE{lowMach4,
   author = {{Zingale}, M. and {Almgren}, A.~S. and {Bell}, J.~B. and {Nonaka}, A. and 
             {Woosley}, S.~E.},
    title = "{Low Mach Number Modeling of Type IA Supernovae. IV. White Dwarf Convection}",
  journal = APJ,
archivePrefix = "arXiv",
   eprint = {0908.2668},
 keywords = {convection, hydrodynamics, methods: numerical, nuclear reactions, nucleosynthesis, abundances, supernovae: general, white dwarfs},
     year = 2009,
    month = oct,
   volume = 704,
    pages = {196-210},
      doi = {10.1088/0004-637X/704/1/196},
   adsurl = {http://adsabs.harvard.edu/abs/2009ApJ...704..196Z},
  adsnote = {Provided by the SAO/NASA Astrophysics Data System}
}

@ARTICLE{SNrt3d,
   author = {{Zingale}, M. and {Woosley}, S.~E. and {Rendleman}, C.~A. and 
             {Day}, M.~S. and {Bell}, J.~B.},
    title = "{Three-dimensional Numerical Simulations of Rayleigh-Taylor Unstable Flames in Type Ia Supernovae}",
  journal = APJ,
   eprint = {arXiv:astro-ph/0501655},
 keywords = {Conduction, Hydrodynamics, Methods: Numerical, Nuclear Reactions, Nucleosynthesis, Abundances, Stars: Supernovae: General, Stars: White Dwarfs},
     year = 2005,
    month = oct,
   volume = 632,
    pages = {1021-1034},
      doi = {10.1086/433164},
   adsurl = {http://adsabs.harvard.edu/abs/2005ApJ...632.1021Z},
  adsnote = {Provided by the SAO/NASA Astrophysics Data System}
}


@ARTICLE{joggerst:2010,
   author = {{Joggerst}, C.~C. and {Almgren}, A. and {Bell}, J. and {Heger}, A. and 
             {Whalen}, D. and {Woosley}, S.~E.},
    title = "{The Nucleosynthetic Imprint of 15-40 M$_{sun}$ Primordial Supernovae on Metal-Poor Stars}",
  journal = APJ,
archivePrefix = "arXiv",
   eprint = {0907.3885},
 keywords = {cosmology: theory, early universe, methods: numerical, nuclear reactions, nucleosynthesis, abundances, supernovae: general},
     year = 2010,
    month = jan,
   volume = 709,
    pages = {11-26},
      doi = {10.1088/0004-637X/709/1/11},
   adsurl = {http://adsabs.harvard.edu/abs/2010ApJ...709...11J},
  adsnote = {Provided by the SAO/NASA Astrophysics Data System}
}

@ARTICLE{kenchen:2010,
   author = {{Chen}, K.~C. and {Heger}, A. and {Almgren}, A.},
    title = "{Multi-Dimensional Simulations of Pair-Instability Supernovae}",
  journal = {Computer Physics Communications},
     year = 2010,
  adsnote = {to appear}
}

@Article{rendleman-hyper,
  author =       {Charles A. Rendleman and Vincent E. Beckner and Mike
                  Lijewski and William Y. Crutchfield and John B. Bell},
  title =        {Parallelization of structured, hierarchical adaptive
                  mesh refinement algorithms},
  journal =      {Computing and Visualization in Science},
  year =         2000,
  volume =       {3},
  number =       {3},
  pages =        {147--157},
}

@Article{berger-colella,
  author =       {M. J. Berger and P. Colella},
  title =        {Local Adaptive Mesh Refinement for Shock Hydrodynamics},
  journal =      JCP,
  volume =       {82},
  number =       {1},
  pages =        {64--84},
  month =        May,
  year =         {1989},
}

@ARTICLE{hillebrandtniemeyer2000,
  author =       {Wolfgang Hillebrandt and Jens C. Niemeyer},
  journal =      {Annu. Rev. Astron. Astrophys},
  title =        {{T}ype~{I}a supernova explosion models},
  year =         {2000},
  pages = {191--230},
  volume = {38}
}

@ARTICLE{RaskinEtAl09,
   author = {{Raskin}, C. and {Scannapieco}, E. and {Rhoads}, J. and {Della Valle}, M.
	},
    title = "{Prompt Ia Supernovae are Significantly Delayed}",
  journal = APJ,
archivePrefix = "arXiv",
   eprint = {0909.4293},
 keywords = {stars: evolution, supernovae: general},
     year = 2009,
    month = dec,
   volume = 707,
    pages = {74-78},
      doi = {10.1088/0004-637X/707/1/74},
   adsurl = {http://adsabs.harvard.edu/abs/2009ApJ...707...74R},
  adsnote = {Provided by the SAO/NASA Astrophysics Data System}
}

@ARTICLE{MannucciEtAl06,
   author = {{Mannucci}, F. and {Della Valle}, M. and {Panagia}, N.},
    title = "{Two populations of progenitors for Type Ia supernovae?}",
  journal = MNRAS,
   eprint = {arXiv:astro-ph/0510315},
 keywords = {supernovae: general: white dwarfs: galaxies: abundances,
                  supernovae: general, white dwarfs, galaxies:
                  abundances},
     year = 2006,
    month = aug,
   volume = 370,
    pages = {773-783},
      doi = {10.1111/j.1365-2966.2006.10501.x},
   adsurl = {http://adsabs.harvard.edu/abs/2006MNRAS.370..773M},
  adsnote = {Provided by the SAO/NASA Astrophysics Data System}
}

@conference{FilippenkoUnimodalDTD,
   Author = {{Filippenko}, A.~V.},
   Booktitle = {Stellar Death and Supernovae},
   Date-Added = {2009-08-18 16:00:00 -0500},
   Date-Modified = {2009-08-18 16:00:00 -0500},
   Editor = {},
   Local-Url = {http://online.kitp.ucsb.edu/online/sdeath_c09/filippenko/},
   Pages = {},
   Series = {},
   Title = {Nearby SNe Rates},
   Year = {2009}}


@ARTICLE{GallagherEtAl08,
   author = {{Gallagher}, J.~S. and {Garnavich}, P.~M. and {Caldwell},
                  N. and {Kirshner}, R.~P. and {Jha}, S.~W. and {Li},
                  W. and {Ganeshalingam}, M. and {Filippenko}, A.~V.},
    title = "{Supernovae in Early-Type Galaxies: Directly Connecting
                  Age and Metallicity with Type Ia Luminosity}",
  journal = APJ,
archivePrefix = "arXiv",
   eprint = {0805.4360},
 keywords = {Cosmology: Observations, Galaxies: Elliptical and
                  Lenticular, cD, Galaxies: Fundamental Parameters,
                  Stars: Supernovae: General},
     year = 2008,
    month = oct,
   volume = 685,
    pages = {752-766},
      doi = {10.1086/590659},
   adsurl = {http://adsabs.harvard.edu/abs/2008ApJ...685..752G},
  adsnote = {Provided by the SAO/NASA Astrophysics Data System}
}

@ARTICLE{howelletal+09,
   author = {{Howell}, D.~A. and {Sullivan}, M. and {Brown}, E.~F. and {Conley}, A. and
        {LeBorgne}, D. and {Hsiao}, E.~Y. and {Astier}, P. and {Balam}, D. and
        {Balland}, C. and {Basa}, S. and {Carlberg}, R.~G. and {Fouchez}, D. and
        {Guy}, J. and {Hardin}, D. and {Hook}, I.~M. and {Pain}, R. and
        {Perrett}, K. and {Pritchet}, C.~J. and {Regnault}, N. and {Baumont}, S. and
        {LeDu}, J. and {Lidman}, C. and {Perlmutter}, S. and {Suzuki}, N. and
        {Walker}, E.~S. and {Wheeler}, J.~C.},
    title = "{The Effect of Progenitor Age and Metallicity on Luminosity and $^{56}$Ni Yield in Type Ia Supernovae}",
  journal = APJ,
archivePrefix = "arXiv",
   eprint = {0810.0031},
 keywords = {galaxies: abundances, galaxies: fundamental parameters, galaxies: high-redshift, supernovae: general, surveys },
     year = 2009,
    month = jan,
   volume = 691,
    pages = {661-671},
      doi = {10.1088/0004-637X/691/1/661},
   adsurl = {http://adsabs.harvard.edu/abs/2009ApJ...691..661H},
  adsnote = {Provided by the SAO/NASA Astrophysics Data System}
}

@ARTICLE{NeillEtAl09,
   author = {{Neill}, J.~D. and {Sullivan}, M. and {Howell}, D.~A. and {Conley}, A. and
        {Seibert}, M. and {Martin}, D.~C. and {Barlow}, T.~A. and {Foster}, K. and
        {Friedman}, P.~G. and {Morrissey}, P. and {Neff}, S.~G. and
        {Schiminovich}, D. and {Wyder}, T.~K. and {Bianchi}, L. and
        {Donas}, J. and {Heckman}, T.~M. and {Lee}, {Y.-W.} and {Madore}, B.~F. and
        {Milliard}, B. and {Rich}, R.~M. and {Szalay}, A.~S.},
    title = "{The Local Hosts of Type Ia Supernovae}",
  journal = APJ,
archivePrefix = "arXiv",
   eprint = {0911.0690},
 keywords = {galaxies: evolution, supernovae: general},
     year = 2009,
    month = dec,
   volume = 707,
    pages = {1449-1465},
      doi = {10.1088/0004-637X/707/2/1449},
   adsurl = {http://adsabs.harvard.edu/abs/2009ApJ...707.1449N},
  adsnote = {Provided by the SAO/NASA Astrophysics Data System}
}

@ARTICLE{BrandtEtAl10,
   author = {{Brandt}, T.~D. and {Tojeiro}, R. and {Aubourg}, {\'E}. and 
	{Heavens}, A. and {Jimenez}, R. and {Strauss}, M.~A.},
    title = "{The Ages of Type Ia Supernova Progenitors}",
  journal = {\aj},
archivePrefix = "arXiv",
   eprint = {1002.0848},
 primaryClass = "astro-ph.GA",
 keywords = {distance scale, galaxies: stellar content, supernovae: general},
     year = 2010,
    month = sep,
   volume = 140,
    pages = {804-816},
      doi = {10.1088/0004-6256/140/3/804},
   adsurl = {http://adsabs.harvard.edu/abs/2010AJ....140..804B},
  adsnote = {Provided by the SAO/NASA Astrophysics Data System}
}

@article{GallGarnetal05,
        Adsnote = {Provided by the Smithsonian/NASA Astrophysics Data System},
        Adsurl = {http://adsabs.harvard.edu/cgi-bin/nph-bib_query?bibcode=2005ApJ...634..210G&db_key=AST},
        Author = {{Gallagher}, J.~S. and {Garnavich}, P.~M. and {Berlind}, P. and       {Challis}, P. and {Jha}, S. and {Kirshner}, R.~P.},
        Date-Added = {2006-09-06 10:32:57 -0400},
        Date-Modified = {2007-01-22 19:48:02 -0500},
        Doi = {10.1086/491664},
        Eprint = {astro-ph/0508180},
        Journal = APJ,
        Local-Url = {file://localhost/Users/Shared/Articles/Gallagher/Chemistry%20and%20Star%20Formation%20in%20the%20Host%20Galaxies.pdf},
        Month = nov,
        Pages = {210-226},
        Title = {{Chemistry and Star Formation in the Host Galaxies of Type Ia Supernovae}},
        Volume = 634,
        Year = 2005}

@ARTICLE{howell2010,
   author = {{Howell}, D.~A.},
    title = "{Supernovae: A smashing success}",
  journal = NAT,
     year = 2010,
    month = jan,
   volume = 463,
    pages = {35-36},
      doi = {10.1038/463035a},
   adsurl = {http://adsabs.harvard.edu/abs/2010Natur.463...35H},
  adsnote = {Provided by the SAO/NASA Astrophysics Data System}
}


@ARTICLE{Pakmor:2010,
   author = {{Pakmor}, R. and {Kromer}, M. and {R{\"o}pke}, F.~K. and {Sim}, S.~A. and 
             {Ruiter}, A.~J. and {Hillebrandt}, W.},
    title = "{Sub-luminous type Ia supernovae from the mergers of equal-mass white dwarfs with mass \~{}0.9$M_{solar}$}",
  journal = {Nature},
archivePrefix = "arXiv",
   eprint = {0911.0926},
     year = 2010,
    month = jan,
   volume = 463,
    pages = {61-64},
      doi = {10.1038/nature08642},
   adsurl = {http://adsabs.harvard.edu/abs/2010Natur.463...61P},
  adsnote = {Provided by the SAO/NASA Astrophysics Data System}
}

@article{jacketal,
   author = {{Jackson}, A.~P. and {Calder}, A.~C. and {Townsley}, D.~M. and 
	{Chamulak}, D.~A. and {Brown}, E.~F. and {Timmes}, F.~X.},
    title = "{Evaluating Systematic Dependencies of Type Ia Supernovae: The Influence of Deflagration to Detonation Density}",
  journal = {\apj},
archivePrefix = "arXiv",
   eprint = {1007.1138},
 primaryClass = "astro-ph.SR",
 keywords = {hydrodynamics, nuclear reactions, nucleosynthesis, abundances, supernovae: general, white dwarfs},
     year = 2010,
    month = sep,
   volume = 720,
    pages = {99-113},
      doi = {10.1088/0004-637X/720/1/99},
   adsurl = {http://adsabs.harvard.edu/abs/2010ApJ...720...99J},
  adsnote = {Provided by the SAO/NASA Astrophysics Data System}
}

@article{kruegetal,
   author = {{Krueger}, B.~K. and {Jackson}, A.~P. and {Townsley}, D.~M. and 
	{Calder}, A.~C. and {Brown}, E.~F. and {Timmes}, F.~X.},
    title = "{On Variations of the Brightness of Type Ia Supernovae with the Age of the Host Stellar Population}",
  journal = {\apjl},
archivePrefix = "arXiv",
   eprint = {1007.0910},
 primaryClass = "astro-ph.SR",
 keywords = {hydrodynamics, nuclear reactions, nucleosynthesis, abundances, supernovae: general, white dwarfs},
     year = 2010,
    month = aug,
   volume = 719,
    pages = {L5-L9},
      doi = {10.1088/2041-8205/719/1/L5},
   adsurl = {http://adsabs.harvard.edu/abs/2010ApJ...719L...5K},
  adsnote = {Provided by the SAO/NASA Astrophysics Data System}
}

@article{Fryxetal00,
        Adsnote = {Provided by the NASA Astrophysics Data System},
        Author = {{Fryxell}, B. and {Olson}, K. and {Ricker}, P. and
                  {Timmes}, F.~X. and {Zingale}, M. and {Lamb},
                  D.~Q. and {MacNeice}, P. and {Rosner}, R. and
                  {Truran}, J.~W. and {Tufo}, H.},
        Date-Modified = {2007-02-16 09:30:33 -0500},
        Journal = APJ:sup,
        Pages = {273--334},
        Title = {{FLASH}: An Adaptive Mesh Hydrodynamics Code for
                  Modeling Astrophysical Thermonuclear Flashes},
        Volume = {131},
        Year = {2000}}


@Article{timmes_swesty:2000,
  author =       {Frank X. Timmes and F. Douglas Swesty},
  title =        {The accuracy, consistency, and speed of an electron-positron
                  equation of state based on table interpolation of the helmholtz
                  free energy},
  journal =      APJ:sup,
  year =         {2000},
  volume =       {126},
  pages =        {501--516},
}


@ARTICLE{loren-aguilar:2009,
   author = {{Lor{\'e}n-Aguilar}, P. and {Isern}, J. and {Garc{\'{\i}}a-Berro}, E.},
    title = "{High-resolution smoothed particle hydrodynamics simulations of the merger of binary white dwarfs}",
  journal = AAP,
 keywords = {stars: white dwarfs, stars: interiors, stars:, binaries: close, hydrodynamics, accretion, accretion disks},
     year = 2009,
    month = jun,
   volume = 500,
    pages = {1193-1205},
      doi = {10.1051/0004-6361/200811060},
   adsurl = {http://adsabs.harvard.edu/abs/2009A%26A...500.1193L},
  adsnote = {Provided by the SAO/NASA Astrophysics Data System}
}


@ARTICLE{webbink:1984,
   author = {{Webbink}, R.~F.},
    title = "{Double white dwarfs as progenitors of R Coronae Borealis stars and Type I supernovae}",
  journal = APJ,
 keywords = {BINARY STARS, CORONA BOREALIS CONSTELLATION, R CORONAE BOREALIS STARS, STELLAR EVOLUTION, SUPERNOVAE, WHITE DWARF STARS, B STARS, CARBON STARS, CHANDRASEKHAR EQUATION, O STARS, STELLAR MASS ACCRETION, STELLAR MASS EJECTION},
     year = 1984,
    month = feb,
   volume = 277,
    pages = {355-360},
      doi = {10.1086/161701},
   adsurl = {http://adsabs.harvard.edu/abs/1984ApJ...277..355W},
  adsnote = {Provided by the SAO/NASA Astrophysics Data System}
}

@ARTICLE{ibentutukov:1984,
   author = {{Iben}, Jr., I. and {Tutukov}, A.~V.},
    title = "{Supernovae of type I as end products of the evolution of
                  binaries with components of moderate initial mass (M
                  not greater than about 9 solar masses)}",
  journal = APJ:sup,
 keywords = {BINARY STARS, STELLAR EVOLUTION, STELLAR MASS, SUPERNOVAE, DWARF STARS, PLANETARY NEBULAE, RED GIANT STARS, STELLAR CORES, STELLAR ENVELOPES, STELLAR MASS ACCRETION, STELLAR WINDS, X RAY SOURCES},
     year = 1984,
    month = feb,
   volume = 54,
    pages = {335-372},
      doi = {10.1086/190932},
   adsurl = {http://adsabs.harvard.edu/abs/1984ApJS...54..335I},
  adsnote = {Provided by the SAO/NASA Astrophysics Data System}
}


@INPROCEEDINGS{fryerdiehl:2008,
   author = {{Fryer}, C.~L. and {Diehl}, S.},
    title = "{On the Road to Understanding Type Ia Progenitors: Precision Simulations of Double Degenerate Mergers}",
booktitle = {Hydrogen-Deficient Stars },
     year = 2008,
   series = {Astronomical Society of the Pacific Conference Series},
   volume = 391,
   editor = "{A.~Werner \& T.~Rauch}",
    month = jul,
    pages = {335-+},
   adsurl = {http://adsabs.harvard.edu/abs/2008ASPC..391..335F},
  adsnote = {Provided by the SAO/NASA Astrophysics Data System}
}




@ARTICLE{calder-vandv,
   author = {{Calder}, A.~C. and {Fryxell}, B. and {Plewa}, T. and
                  {Rosner}, R.  and {Dursi}, L.~J. and {Weirs},
                  V.~G. and {Dupont}, T. and {Robey}, H.~F. and
                  {Kane}, J.~O. and {Remington}, B.~A. and {Drake},
                  R.~P. and {Dimonte}, G. and {Zingale}, M. and
                  {Timmes}, F.~X. and {Olson}, K. and {Ricker}, P. and
                  {MacNeice}, P. and {Tufo}, H.~M.},
    title = "{On Validating an Astrophysical Simulation Code}",
  journal = APJ:sup,
   eprint = {arXiv:astro-ph/0206251},
 keywords = {Hydrodynamics, Instabilities, Methods: Numerical, Shock Waves},
     year = 2002,
    month = nov,
   volume = 143,
    pages = {201-229},
      doi = {10.1086/342267},
   adsurl = {http://adsabs.harvard.edu/abs/2002ApJS..143..201C},
  adsnote = {Provided by the SAO/NASA Astrophysics Data System}
}


@ARTICLE{raskin:2009,
   author = {{Raskin}, C. and {Timmes}, F.~X. and {Scannapieco},
                  E. and {Diehl}, S. and {Fryer}, C.},
    title = "{On Type Ia supernovae from the collisions of two white dwarfs}",
  journal = MNRAS,
archivePrefix = "arXiv",
   eprint = {0907.3915},
 keywords = {hydrodynamics , nuclear reactions, nucleosynthesis,
                  abundances , supernovae: general , white dwarfs},
     year = 2009,
    month = oct,
   volume = 399,
    pages = {L156-L159},
      doi = {10.1111/j.1745-3933.2009.00743.x},
   adsurl = {http://adsabs.harvard.edu/abs/2009MNRAS.399L.156R},
  adsnote = {Provided by the SAO/NASA Astrophysics Data System}
}


@ARTICLE{loren-aguilar:2010,
   author = {{Lor{\'e}n-Aguilar}, P. and {Isern}, J. and {Garc{\'{\i}}a-Berro}, E.
	},
    title = "{Smoothed particle hydrodynamics simulations of white dwarf collisions and close encounters}",
  journal = {\mnras},
archivePrefix = "arXiv",
   eprint = {1004.4783},
 primaryClass = "astro-ph.SR",
 keywords = {hydrodynamics, nuclear reactions, nucleosynthesis, abundances, supernovae: general, white dwarfs, globular clusters: general},
     year = 2010,
    month = aug,
   volume = 406,
    pages = {2749-2763},
      doi = {10.1111/j.1365-2966.2010.16878.x},
   adsurl = {http://adsabs.harvard.edu/abs/2010MNRAS.406.2749L},
  adsnote = {Provided by the SAO/NASA Astrophysics Data System}
}



@ARTICLE{rosswog:2009,
   author = {{Rosswog}, S. and {Kasen}, D. and {Guillochon}, J. and
                  {Ramirez-Ruiz}, E.},
    title = "{Collisions of White Dwarfs as a New Progenitor Channel
                  for Type Ia Supernovae}",
  journal = APJL,
archivePrefix = "arXiv",
   eprint = {0907.3196},
 keywords = {globular clusters: general, hydrodynamics, nuclear
                  reactions, nucleosynthesis, abundances, radiative
                  transfer, supernovae: general, white dwarfs},
     year = 2009,
    month = nov,
   volume = 705,
    pages = {L128-L132},
      doi = {10.1088/0004-637X/705/2/L128},
   adsurl = {http://adsabs.harvard.edu/abs/2009ApJ...705L.128R},
  adsnote = {Provided by the SAO/NASA Astrophysics Data System}
}


@ARTICLE{gamezo:2005,
   author = {{Gamezo}, V.~N. and {Khokhlov}, A.~M. and {Oran}, E.~S.},
    title = "{Three-dimensional Delayed-Detonation Model of Type Ia Supernovae}",
  journal = APJ,
     year = 2005,
    month = apr,
   volume = 623,
    pages = {337-346},
      doi = {10.1086/428767},
  adsnote = {Provided by the Smithsonian/NASA Astrophysics Data System}
}

@ARTICLE{roepke:2007,
   author = {{R{\"o}pke}, F.~K. and {Hillebrandt}, W. and {Schmidt},
                  W. and {Niemeyer}, J.~C. and {Blinnikov}, S.~I. and
                  {Mazzali}, P.~A.},
    title = "{A Three-Dimensional Deflagration Model for Type Ia
                  Supernovae Compared with Observations}",
  journal = APJ,
archivePrefix = "arXiv",
   eprint = {0707.1024},
 keywords = {Hydrodynamics, Instabilities, Methods: Numerical, Stars:
                  Supernovae: General, Turbulence},
     year = 2007,
    month = oct,
   volume = 668,
    pages = {1132-1139},
      doi = {10.1086/521347},
   adsurl = {http://adsabs.harvard.edu/abs/2007ApJ...668.1132R},
  adsnote = {Provided by the SAO/NASA Astrophysics Data System}
}


@ARTICLE{kasen:2009,
   author = {{Kasen}, D. and {R{\"o}pke}, F.~K. and {Woosley}, S.~E.},
    title = "{The diversity of type Ia supernovae from broken symmetries}",
  journal = {Nature},
archivePrefix = "arXiv",
   eprint = {0907.0708},
     year = 2009,
    month = aug,
   volume = 460,
    pages = {869-872},
      doi = {10.1038/nature08256},
   adsurl = {http://adsabs.harvard.edu/abs/2009Natur.460..869K},
  adsnote = {Provided by the SAO/NASA Astrophysics Data System}
}

@ARTICLE{scalzo:2010,
   author = {{Scalzo}, R.~A. and {Aldering}, G. and {Antilogus},
                  P. and {Aragon}, C. and {Bailey}, S. and {Baltay},
                  C. and {Bongard}, S. and {Buton}, C. and
                  {Childress}, M. and {Chotard}, N. and {Copin},
                  Y. and {Fakhouri}, H.~K. and {Gal-Yam}, A. and
                  {Gangler}, E. and {Hoyer}, S. and {Kasliwal}, M. and
                  {Loken}, S. and {Nugent}, P. and {Pain}, R. and
                  {P{\'e}contal}, E. and {Pereira}, R. and
                  {Perlmutter}, S. and {Rabinowitz}, D. and {Rau},
                  A. and {Rigaudier}, G. and {Runge}, K. and {Smadja},
                  G. and {Tao}, C. and {Thomas}, R.~C. and {Weaver},
                  B. and {Wu}, C.},
    title = "{Nearby Supernova Factory Observations of SN 2007if: First Total Mass Measurement of a Super-Chandrasekhar-Mass Progenitor}",
  journal = APJ,
archivePrefix = "arXiv",
   eprint = {1003.2217},
 keywords = {supernovae: general, supernovae: individual: SNe 2003fg 2006gz 2007if 2009dc, white dwarfs},
     year = 2010,
    month = apr,
   volume = 713,
    pages = {1073-1094},
      doi = {10.1088/0004-637X/713/2/1073},
   adsurl = {http://adsabs.harvard.edu/abs/2010ApJ...713.1073S},
  adsnote = {Provided by the SAO/NASA Astrophysics Data System}
}

@ARTICLE{pfannes:2010a,
   author = {{Pfannes}, J.~M.~M. and {Niemeyer}, J.~C. and {Schmidt},
                  W. and {Klingenberg}, C.},
    title = "{Thermonuclear explosions of rapidly rotating white
                  dwarfs. I. Deflagrations}",
  journal = AAP,
archivePrefix = "arXiv",
   eprint = {0911.3540},
 keywords = {supernovae: general, hydrodynamics, methods: numerical},
     year = 2010,
    month = jan,
   volume = 509,
    pages = {A74+},
      doi = {10.1051/0004-6361/200912032},
   adsurl = {http://adsabs.harvard.edu/abs/2010A%26A...509A..74P},
  adsnote = {Provided by the SAO/NASA Astrophysics Data System}
}

@ARTICLE{pfannes:2010b,
   author = {{Pfannes}, J.~M.~M. and {Niemeyer}, J.~C. and {Schmidt}, W.},
    title = "{Thermonuclear explosions of rapidly rotating white dwarfs. II. Detonations}",
  journal = AAP,
archivePrefix = "arXiv",
   eprint = {0911.3545},
 keywords = {supernovae: general, hydrodynamics, methods: numerical},
     year = 2010,
    month = jan,
   volume = 509,
    pages = {A75+},
      doi = {10.1051/0004-6361/200912033},
   adsurl = {http://adsabs.harvard.edu/abs/2010A%26A...509A..75P},
  adsnote = {Provided by the SAO/NASA Astrophysics Data System}
}

@ARTICLE{guerrero:2004,
   author = {{Guerrero}, J. and {Garc{\'{\i}}a-Berro}, E. and {Isern}, J.},
    title = "{Smoothed Particle Hydrodynamics simulations  of merging white dwarfs}",
  journal = AAP,
 keywords = {stars: white dwarfs, stars: interiors, stars: binaries: close, hydrodynamics, methods: numerical, accretion, accretion disks},
     year = 2004,
    month = jan,
   volume = 413,
    pages = {257-272},
      doi = {10.1051/0004-6361:20031504},
   adsurl = {http://adsabs.harvard.edu/abs/2004A%26A...413..257G},
  adsnote = {Provided by the SAO/NASA Astrophysics Data System}
}


@ARTICLE{motl:2007,
   author = {{Motl}, P.~M. and {Frank}, J. and {Tohline}, J.~E. and
                  {D'Souza}, M.~C.~R.},
    title = "{The Stability of Double White Dwarf Binaries Undergoing Direct-Impact Accretion}",
  journal = APJ,
   eprint = {arXiv:astro-ph/0702388},
 keywords = {Accretion, Accretion Disks, Stars: Binaries: Close, Hydrodynamics, Methods: Numerical, Stars: White Dwarfs},
     year = 2007,
    month = dec,
   volume = 670,
    pages = {1314-1325},
      doi = {10.1086/522076},
   adsurl = {http://adsabs.harvard.edu/abs/2007ApJ...670.1314M},
  adsnote = {Provided by the SAO/NASA Astrophysics Data System}
}


@ARTICLE{hicken:2007,
   author = {{Hicken}, M. and {Garnavich}, P.~M. and {Prieto},
                  J.~L. and {Blondin}, S. and {DePoy}, D.~L. and
                  {Kirshner}, R.~P. and {Parrent}, J.},
    title = "{The Luminous and Carbon-rich Supernova 2006gz: A Double
                  Degenerate Merger?}",
  journal = APJL,
archivePrefix = "arXiv",
   eprint = {0709.1501},
 keywords = {Stars: Supernovae: General, supernovae: individual (SN 2006gz)},
     year = 2007,
    month = nov,
   volume = 669,
    pages = {L17-L20},
      doi = {10.1086/523301},
   adsurl = {http://adsabs.harvard.edu/abs/2007ApJ...669L..17H},
  adsnote = {Provided by the SAO/NASA Astrophysics Data System}
}



@ARTICLE{Yuan:2010,
   author = {{Yuan}, F. and {Quimby}, R.~M. and {Wheeler}, J.~C. and
                  {Vink{\'o}}, J. and {Chatzopoulos}, E. and
                  {Akerlof}, C.~W. and {Kulkarni}, S. and {Miller},
                  J.~M. and {McKay}, T.~A. and {Aharonian}, F.},
    title = "{The Exceptionally Luminous Type Ia Supernova 2007if}",
  journal = APJ,
archivePrefix = "arXiv",
   eprint = {1004.3329},
 keywords = {supernovae: individual: SN 2007if },
     year = 2010,
    month = jun,
   volume = 715,
    pages = {1338-1343},
      doi = {10.1088/0004-637X/715/2/1338},
   adsurl = {http://adsabs.harvard.edu/abs/2010ApJ...715.1338Y},
  adsnote = {Provided by the SAO/NASA Astrophysics Data System}
}




@ARTICLE{howell:2006,
   author = {{Howell}, D.~A. and {Sullivan}, M. and {Nugent}, P.~E. and {Ellis}, R.~S. and 
{Conley}, A.~J. and {Le Borgne}, D. and {Carlberg}, R.~G. and 
{Guy}, J. and {Balam}, D. and {Basa}, S. and {Fouchez}, D. and 
{Hook}, I.~M. and {Hsiao}, E.~Y. and {Neill}, J.~D. and {Pain}, R. and 
{Perrett}, K.~M. and {Pritchet}, C.~J.},
    title = "{The type Ia supernova SNLS-03D3bb from a super-Chandrasekhar-mass white dwarf star}",
  journal = {Nature},
   eprint = {arXiv:astro-ph/0609616},
     year = 2006,
    month = sep,
   volume = 443,
    pages = {308-311},
      doi = {10.1038/nature05103},
   adsurl = {http://adsabs.harvard.edu/abs/2006Natur.443..308H},
  adsnote = {Provided by the SAO/NASA Astrophysics Data System}
}

@ARTICLE{gilfanov:2010,
   author = {{Gilfanov}, M. and {Bogd{\'a}n}, {\'A}.},
    title = "{An upper limit on the contribution of accreting white
                  dwarfs to the typeIa supernova rate}",
  journal = {Nature},
archivePrefix = "arXiv",
   eprint = {1002.3359},
     year = 2010,
    month = feb,
   volume = 463,
    pages = {924-925},
      doi = {10.1038/nature08685},
   adsurl = {http://adsabs.harvard.edu/abs/2010Natur.463..924G},
  adsnote = {Provided by the SAO/NASA Astrophysics Data System}
}


@ARTICLE{benz:1990,
   author = {{Benz}, W. and {Cameron}, A.~G.~W. and {Press}, W.~H. and {Bowers}, R.~L.},
    title = "{Dynamic mass exchange in doubly degenerate binaries. I - 0.9 and 1.2 solar mass stars}",
  journal = APJ,
 keywords = {BINARY STARS, DEGENERATE MATTER, STELLAR EVOLUTION, STELLAR MASS ACCRETION, SYMBIOTIC STARS, WHITE DWARF STARS, ANGULAR MOMENTUM, COMPUTATIONAL ASTROPHYSICS, GRAVITATIONAL WAVES, STELLAR TEMPERATURE, SUPERNOVAE},
     year = 1990,
    month = jan,
   volume = 348,
    pages = {647-667},
      doi = {10.1086/168273},
   adsurl = {http://adsabs.harvard.edu/abs/1990ApJ...348..647B},
  adsnote = {Provided by the SAO/NASA Astrophysics Data System}
}


@ARTICLE{saionomoto:1985,
   author = {{Saio}, H. and {Nomoto}, K.},
    title = "{Evolution of a merging pair of C + O white dwarfs to form a single neutron star}",
  journal = AAP,
 keywords = {BINARY STARS, CARBON STARS, MASS TRANSFER, NEUTRON STARS, STELLAR EVOLUTION, WHITE DWARF STARS, GRAVITATIONAL COLLAPSE, OXYGEN, PULSARS, STELLAR MASS ACCRETION, STELLAR MASS EJECTION, STELLAR MODELS},
     year = 1985,
    month = sep,
   volume = 150,
    pages = {L21-L23},
   adsurl = {http://adsabs.harvard.edu/abs/1985A%26A...150L..21S},
  adsnote = {Provided by the SAO/NASA Astrophysics Data System}
}

@ARTICLE{saionomoto:2004,
   author = {{Saio}, H. and {Nomoto}, K.},
    title = "{Off-Center Carbon Ignition in Rapidly Rotating, Accreting Carbon-Oxygen White Dwarfs}",
  journal = APJ,
   eprint = {arXiv:astro-ph/0401141},
 keywords = {Accretion, Accretion Disks, Stars: Evolution, Stars: Rotation, Stars: Supernovae: General, Stars: White Dwarfs},
     year = 2004,
    month = nov,
   volume = 615,
    pages = {444-449},
      doi = {10.1086/423976},
   adsurl = {http://adsabs.harvard.edu/abs/2004ApJ...615..444S},
  adsnote = {Provided by the SAO/NASA Astrophysics Data System}
}

@ARTICLE{nomotoiben:1985,
   author = {{Nomoto}, K. and {Iben}, Jr., I.},
    title = "{Carbon ignition in a rapidly accreting degenerate dwarf - A clue to the nature of the merging process in close binaries}",
  journal = APJ,
 keywords = {BINARY STARS, CARBON, DWARF STARS, NUCLEAR FUSION, STELLAR EVOLUTION, SUPERNOVAE, NUCLEAR FUSION, STELLAR MASS ACCRETION, STELLAR MODELS, STELLAR STRUCTURE, STELLAR TEMPERATURE},
     year = 1985,
    month = oct,
   volume = 297,
    pages = {531-537},
      doi = {10.1086/163547},
   adsurl = {http://adsabs.harvard.edu/abs/1985ApJ...297..531N},
  adsnote = {Provided by the SAO/NASA Astrophysics Data System}
}

@ARTICLE{kawai:1987,
   author = {{Kawai}, Y. and {Saio}, H. and {Nomoto}, K.},
    title = "{Off-center ignition of nuclear burning in merging white dwarfs}",
  journal = APJ,
 keywords = {ECLIPSING BINARY STARS, NUCLEAR ASTROPHYSICS, NUCLEAR FUSION, STELLAR INTERIORS, STELLAR MASS ACCRETION, WHITE DWARF STARS, CARBON, HELIUM, STELLAR COMPOSITION, STELLAR EVOLUTION, STELLAR MASS, SYMMETRY},
     year = 1987,
    month = apr,
   volume = 315,
    pages = {229-233},
      doi = {10.1086/165126},
   adsurl = {http://adsabs.harvard.edu/abs/1987ApJ...315..229K},
  adsnote = {Provided by the SAO/NASA Astrophysics Data System}
}

@ARTICLE{rosswog_sph,
   author = {{Rosswog}, S.},
    title = "{Astrophysical smooth particle hydrodynamics}",
  journal = {New Astronomy Review},
archivePrefix = "arXiv",
   eprint = {0903.5075},
     year = 2009,
    month = apr,
   volume = 53,
    pages = {78-104},
      doi = {10.1016/j.newar.2009.08.007},
   adsurl = {http://adsabs.harvard.edu/abs/2009NewAR..53...78R},
  adsnote = {Provided by the SAO/NASA Astrophysics Data System}
}

@ARTICLE{swesty00,
   author = {{Swesty}, F.~D. and {Wang}, E.~Y.~M. and {Calder}, A.~C.},
    title = "{Numerical Models of Binary Neutron Star System
                  Mergers. I. Numerical Methods and Equilibrium Data
                  for Newtonian Models}",
  journal = APJ,
   eprint = {arXiv:astro-ph/9911192},
 keywords = {Stars: Binaries: Close, Gravitation, Hydrodynamics, Stars: Neutron},
     year = 2000,
    month = oct,
   volume = 541,
    pages = {937-958},
      doi = {10.1086/309460},
   adsurl = {http://adsabs.harvard.edu/abs/2000ApJ...541..937S},
  adsnote = {Provided by the SAO/NASA Astrophysics Data System}
}


@ARTICLE{Roepetal06_2,
   author = {{R{\"o}pke}, F.~K. and {Gieseler}, M. and {Reinecke}, M. and
        {Travaglio}, C. and {Hillebrandt}, W.},
    title = "{Type Ia supernova diversity in three-dimensional models}",
  journal = AAP,
   eprint = {arXiv:astro-ph/0506107},
     year = 2006,
    month = jul,
   volume = 453,
    pages = {203-217},
      doi = {10.1051/0004-6361:20053430},
   adsurl = {http://adsabs.harvard.edu/abs/2006A%26A...453..203R},
  adsnote = {Provided by the SAO/NASA Astrophysics Data System}
}

@ARTICLE{hoeetal2010,
   author = {{H{\"o}flich}, P. and {Krisciunas}, K. and {Khokhlov}, A.~M. and
        {Baron}, E. and {Folatelli}, G. and {Hamuy}, M. and {Phillips}, M.~M. and
        {Suntzeff}, N. and {Wang}, L. and {NSF07-SNIa Collaboration}
        },
    title = "{Secondary Parameters of Type Ia Supernova Light Curves}",
  journal = APJ,
archivePrefix = "arXiv",
   eprint = {0912.2231},
 keywords = {distance scale, supernovae: general, supernovae: individual: 2004ef 2005al 2005am 2005el 2005ki 2005na},
     year = 2010,
    month = feb,
   volume = 710,
    pages = {444-455},
      doi = {10.1088/0004-637X/710/1/444},
   adsurl = {http://adsabs.harvard.edu/abs/2010ApJ...710..444H},
  adsnote = {Provided by the SAO/NASA Astrophysics Data System}
}

@ARTICLE{nomotokondo:1991,
   author = {{Nomoto}, K. and {Kondo}, Y.},
    title = "{Conditions for accretion-induced collapse of white dwarfs}",
  journal = APJL,
 keywords = {GLOBULAR CLUSTERS, GRAVITATIONAL COLLAPSE, PULSARS, STELLAR EVOLUTION, STELLAR MASS ACCRETION, WHITE DWARF STARS, BINARY STARS, NEUTRON STARS, STELLAR MODELS, X RAY BINARIES},
     year = 1991,
    month = jan,
   volume = 367,
    pages = {L19-L22},
      doi = {10.1086/185922},
   adsurl = {http://adsabs.harvard.edu/abs/1991ApJ...367L..19N},
  adsnote = {Provided by the SAO/NASA Astrophysics Data System}
}

@ARTICLE{dsouza:2006,
   author = {{D'Souza}, M.~C.~R. and {Motl}, P.~M. and {Tohline},
                  J.~E. and {Frank}, J.},
    title = "{Numerical Simulations of the Onset and Stability of Dynamical Mass Transfer in Binaries}",
  journal = APJ,
   eprint = {arXiv:astro-ph/0512137},
 keywords = {Accretion, Accretion Disks, Stars: Binaries: Close,
                  Hydrodynamics, Instabilities, Methods: Numerical,
                  Stars: White Dwarfs},
     year = 2006,
    month = may,
   volume = 643,
    pages = {381-401},
      doi = {10.1086/500384},
   adsurl = {http://adsabs.harvard.edu/abs/2006ApJ...643..381D},
  adsnote = {Provided by the SAO/NASA Astrophysics Data System}
}

@ARTICLE{motl:2002,
   author = {{Motl}, P.~M. and {Tohline}, J.~E. and {Frank}, J.},
    title = "{Numerical Methods for the Simulation of Dynamical Mass Transfer in Binaries}",
  journal = APJ:sup,
   eprint = {arXiv:astro-ph/0107308},
 keywords = {accretions, accretions disks, Stars: Binaries: Close, Hydrodynamics, Methods: Numerical},
     year = 2002,
    month = jan,
   volume = 138,
    pages = {121-148},
      doi = {10.1086/324159},
   adsurl = {http://adsabs.harvard.edu/abs/2002ApJS..138..121M},
  adsnote = {Provided by the SAO/NASA Astrophysics Data System}
}

@ARTICLE{diehl:2008,
   author = {{Diehl}, S. and {Fryer}, C.~L. and {Hungerford}, A. and
                  {Rockefeller}, G. and {Bennett}, M. and {Herwig},
                  F. and {Hirschi}, R. and {Pignatari}, M. and
                  {Magkotsios}, G. and {Timmes}, F.~X. and {Young},
                  P. and {Clayton}, G.~C. and {Motl}, P. and
                  {Tohline}, J.~E.},
    title = "{NuGrid: Toward High Precision Double-Degenerate Merger Simulations with SPH in 3D}",
  journal = {ArXiv e-prints},
archivePrefix = "arXiv",
   eprint = {0811.4646},
 keywords = {Astrophysics},
     year = 2008,
    month = nov,
   adsurl = {http://adsabs.harvard.edu/abs/2008arXiv0811.4646D},
  adsnote = {Provided by the SAO/NASA Astrophysics Data System}
}

@ARTICLE{calderwang:2002,
   author = {{Calder}, A.~C. and {Wang}, E.~Y.~M.},
    title = "{Numerical Models of Binary Neutron Star System
                  Mergers. II. Coalescing Models with Post-Newtonian
                  Radiation Reaction Forces}",
  journal = APJ,
 keywords = {Gravitation, Gravitational Waves, Hydrodynamics, Relativity, Stars: Neutron},
     year = 2002,
    month = may,
   volume = 570,
    pages = {303-313},
      doi = {10.1086/339743},
   adsurl = {http://adsabs.harvard.edu/abs/2002ApJ...570..303C},
  adsnote = {Provided by the SAO/NASA Astrophysics Data System}
}

@ARTICLE{loren-aguilar:2005,
   author = {{Lor{\'e}n-Aguilar}, P. and {Guerrero}, J. and {Isern}, J. and 
{Lobo}, J.~A. and {Garc{\'{\i}}a-Berro}, E.},
    title = "{Gravitational wave radiation from the coalescence of white dwarfs}",
  journal = MNRAS,
   eprint = {arXiv:astro-ph/0410356},
 keywords = {gravitational waves, binaries: close, white dwarfs},
     year = 2005,
    month = jan,
   volume = 356,
    pages = {627-636},
      doi = {10.1111/j.1365-2966.2004.08472.x},
   adsurl = {http://adsabs.harvard.edu/abs/2005MNRAS.356..627L},
  adsnote = {Provided by the SAO/NASA Astrophysics Data System}
}

@ARTICLE{garcia-berro:2005,
   author = {{Garc{\'{\i}}a-Berro}, E. and {Lor{\'e}n-Aguilar}, P. and
                  {Isern}, J. and {Pedemonte}, A.~G. and {Guerrero},
                  J. and {Lobo}, J.~A.},
    title = "{Gravitational wave emission from the coalescence of white dwarfs}",
  journal = {Classical and Quantum Gravity},
     year = 2005,
    month = may,
   volume = 22,
    pages = {453-+},
      doi = {10.1088/0264-9381/22/10/042},
   adsurl = {http://adsabs.harvard.edu/abs/2005CQGra..22S.453G},
  adsnote = {Provided by the SAO/NASA Astrophysics Data System}
}

@ARTICLE{zingale:2000,
   author = {{Zingale}, M. and {Timmes}, F.~X. and {Fryxell}, B. and
                  {Lamb}, D.~Q. and {Olson}, K. and {Calder},
                  A.~C. and {Dursi}, L.~J. and {Ricker}, P. and
                  {Rosner}, R. and {MacNeice}, P. and {Tufo}, H.~M.},
    title = "{Helium Detonations on Neutron Stars}",
  journal = APJ:sup,
 keywords = {Hydrodynamics, Nuclear Reactions, Nucleosynthesis,
                  Abundances, Stars: Neutron, X-Rays: Bursts},
     year = 2001,
    month = mar,
   volume = 133,
    pages = {195-220},
      doi = {10.1086/319182},
   adsurl = {http://adsabs.harvard.edu/abs/2001ApJS..133..195Z},
  adsnote = {Provided by the SAO/NASA Astrophysics Data System}
}


@ARTICLE{celldet,
   author = {{Timmes}, F.~X. and {Zingale}, M. and {Olson}, K. and
                  {Fryxell}, B. and {Ricker}, P. and {Calder},
                  A.~C. and {Dursi}, L.~J. and {Tufo}, H. and
                  {MacNeice}, P. and {Truran}, J.~W. and {Rosner}, R.},
    title = "{On the Cellular Structure of Carbon Detonations}",
  journal = APJ,
 keywords = {Hydrodynamics, Instabilities, Nuclear Reactions,
                  Nucleosynthesis, Abundances, Shock Waves, Stars:
                  Supernovae: General},
     year = 2000,
    month = nov,
   volume = 543,
    pages = {938-954},
      doi = {10.1086/317135},
   adsurl = {http://adsabs.harvard.edu/abs/2000ApJ...543..938T},
  adsnote = {Provided by the SAO/NASA Astrophysics Data System}
}

@ARTICLE{itoh:1996,
   author = {{Itoh}, N. and {Hayashi}, H. and {Nishikawa}, A. and {Kohyama}, Y.},
    title = "{Neutrino Energy Loss in Stellar Interiors. VII. Pair,
                  Photo-, Plasma, Bremsstrahlung, and Recombination
                  Neutrino Processes}",
  journal = APJ:sup,
 keywords = {DENSE MATTER, ELEMENTARY PARTICLES, RADIATION MECHANISMS:
                  NONTHERMAL, STARS: INTERIORS, METHODS: NUMERICAL},
     year = 1996,
    month = feb,
   volume = 102,
    pages = {411-+},
      doi = {10.1086/192264},
   adsurl = {http://adsabs.harvard.edu/abs/1996ApJS..102..411I},
  adsnote = {Provided by the SAO/NASA Astrophysics Data System}
}


@ARTICLE{garcia-berro:2007,
   author = {{Garc{\'{\i}}a-Berro}, E. and {Lor{\'e}n-Aguilar}, P. and {Pedemonte}, A.~G. and 
	{Isern}, J. and {Bergeron}, P. and {Dufour}, P. and {Brassard}, P.
	},
    title = "{Evidence of a Merger of Binary White Dwarfs: The Case of GD 362}",
  journal = APJL,
archivePrefix = "arXiv",
   eprint = {0704.1258},
 keywords = {Stars: Chemically Peculiar, Stars: Individual: Alphanumeric: GD 362, Stars: White Dwarfs},
     year = 2007,
    month = jun,
   volume = 661,
    pages = {L179-L182},
      doi = {10.1086/518768},
   adsurl = {http://adsabs.harvard.edu/abs/2007ApJ...661L.179G},
  adsnote = {Provided by the SAO/NASA Astrophysics Data System}
}
@ARTICLE{clayton:2007,
   author = {{Clayton}, G.~C. and {Geballe}, T.~R. and {Herwig}, F. and {Fryer}, C. and 
	{Asplund}, M.},
    title = "{Very Large Excesses of $^{18}O$ in Hydrogen-deficient Carbon and R Coronae Borealis Stars: Evidence for White Dwarf Mergers}",
  journal = APJ,
   eprint = {arXiv:astro-ph/0703453},
 keywords = {Stars: Abundances, Stars: AGB and Post-AGB, Stars: Evolution, Stars: Variables: Other},
     year = 2007,
    month = jun,
   volume = 662,
    pages = {1220-1230},
      doi = {10.1086/518307},
   adsurl = {http://adsabs.harvard.edu/abs/2007ApJ...662.1220C},
  adsnote = {Provided by the SAO/NASA Astrophysics Data System}
}




@ARTICLE{Agertz:2007,
   author = {{Agertz}, O. and {Moore}, B. and {Stadel}, J. and
                  {Potter}, D. and {Miniati}, F. and {Read}, J. and
                  {Mayer}, L. and {Gawryszczak}, A. and {Kravtsov},
                  A. and {Nordlund}, {\AA}. and {Pearce}, F. and
                  {Quilis}, V. and {Rudd}, D. and {Springel}, V. and
                  {Stone}, J. and {Tasker}, E. and {Teyssier}, R. and
                  {Wadsley}, J. and {Walder}, R.},
title = "{Fundamental differences between SPH and grid methods}",
  journal = MNRAS,
   eprint = {arXiv:astro-ph/0610051},
 keywords = {hydrodynamics, instabilities, turbulence, methods: numerical, ISM: clouds, galaxies: evolution, galaxies: formation, galaxies: general},
     year = 2007,
    month = sep,
   volume = 380,
    pages = {963-978},
      doi = {10.1111/j.1365-2966.2007.12183.x},
   adsurl = {http://adsabs.harvard.edu/abs/2007MNRAS.380..963A},
  adsnote = {Provided by the SAO/NASA Astrophysics Data System}
}


@ARTICLE{abel:2010,
   author = {{Abel}, T.},
    title = "{rpSPH: a novel smoothed particle hydrodynamics algorithm}",
  journal = {\mnras},
archivePrefix = "arXiv",
   eprint = {1003.0937},
 primaryClass = "astro-ph.CO",
 keywords = {hydrodynamics, instabilities, methods: numerical},
     year = 2011,
    month = may,
   volume = 413,
    pages = {271-285},
      doi = {10.1111/j.1365-2966.2010.18133.x},
   adsurl = {http://adsabs.harvard.edu/abs/2011MNRAS.413..271A},
  adsnote = {Provided by the SAO/NASA Astrophysics Data System}
}

@ARTICLE{sullivan:2010,
   author = {{Sullivan}, M. and {Le Borgne}, D. and {Pritchet},
                  C.~J. and {Hodsman}, A. and {Neill}, J.~D. and
                  {Howell}, D.~A. and {Carlberg}, R.~G. and {Astier},
                  P. and {Aubourg}, E. and {Balam}, D. and {Basa},
                  S. and {Conley}, A. and {Fabbro}, S. and {Fouchez},
                  D. and {Guy}, J. and {Hook}, I. and {Pain}, R. and
                  {Palanque-Delabrouille}, N. and {Perrett}, K. and
                  {Regnault}, N. and {Rich}, J. and {Taillet}, R. and
                  {Baumont}, S. and {Bronder}, J. and {Ellis},
                  R.~S. and {Filiol}, M. and {Lusset}, V. and
                  {Perlmutter}, S. and {Ripoche}, P. and {Tao}, C.},
    title = "{Rates and Properties of Type Ia Supernovae as a Function
                  of Mass and Star Formation in Their Host Galaxies}",
  journal = APJ,
   eprint = {arXiv:astro-ph/0605455},
 keywords = {Cosmology: Distance Scale, Galaxies: Evolution, Stars:
                  Supernovae: General, Surveys},
     year = 2006,
    month = sep,
   volume = 648,
    pages = {868-883},
      doi = {10.1086/506137},
   adsurl = {http://adsabs.harvard.edu/abs/2006ApJ...648..868S},
  adsnote = {Provided by the SAO/NASA Astrophysics Data System}
}

@ARTICLE{mccorquodale97,
   author = {{McCorquodqale}, P. and {Colella}, P. and {Balls}, G. and {Baden}, S.~B.},
    title = "{A Local Corrections Algorithm for solving Poisson's Equation in Three Dimensions}",
  journal = {Communications in Applied Mathematics and Computational Science},
     year = 2007,
   volume = 2,
    pages = {57-81},
   adsurl = {http://escholarship.org/uc/item/05d6k42g}
}

@ARTICLE{james77,
   author = {{James}, R.~A.},
    title = "{The solution of Poisson's Equation for isolated source distribution}",
  journal = JCP,
     year = 1977,
   volume = 2,
    pages = {71-93},
}

@article{Chamulak2007The-Reduction-o,
        Author = {Chamulak, David A. and {Brown}, Edward F. and {Timmes}, Francis X. and Dupczak, Kimberly},
        Journal = {\apj},
        Pages = {160},
        Title = {The Reduction of the Electron Abundance during the Pre-explosion Simmering in White Dwarf Supernovae},
        Volume = {677},
        Year = {2008}}

@article{Zegers2007Gamow-Teller-St,
        Author = {Zegers, R. G. T. and {Brown}, E. F. and Akimune, H. and Austin, S. M. and {van den Berg}, A. M. and Brown, B. A. and Chamulak, David A. and Fujita, Y. and Gal\`es, S. and Harakeh, M. N. and Hashimoto, H. and Hayami, R. and Hitt, G. W. and Itoh, M. and Kawabata, T. and Kawase, K. and Kinoshita, M. and Nakanishi, K. and Nakayama, S. and Okamura, S. and Shimbara, Y. and Uchida, M. and Ueno, H. and Yamagata, T. and Yosoi, M.},
        Eprint = {0710.2944},
        Journal = {\prc},
        Month = feb,
        Number = 2,
        Pages = {024307},
        Title = {{Gamow-Teller} Strength for the Analog Transitions to the First {$T=1/2$, $J^\pi = 3/2^-$ states in $^{13}$C and $^{13}$N} and the Implications for Type {Ia} Supernovae},
        Volume = {77},
        Year = {2008}}

@article{Chamulak2006Laminar-Flame-A,
        Author = {Chamulak, David A. and {Brown}, Edward F. and {Timmes}, Francis X.},
        Journal = {Proc.~Sci.},
        Pages = {079},
        Title = {{Laminar Flame Acceleration by Neon-22 Enrichment in White Dwarf Supernovae}},
        Volume = {NIC-IX},
        Year = {2006}}

@article{Piro2007Neutronization-,
        Author = {{Piro}, Anthony~L. and {Bildsten}, Lars},
        Eprint = {arXiv:0710.1600},
        Journal = {\apj},
        Month = feb,
        Pages = {1009},
        Title = {Neutronization during Type {Ia} Supernovae Simmering},
        Volume = {673},
        Year = {2008}}

@article{Bravo:2011vu,
author = {Bravo, E. and Piersanti, L and Dominguez, I. and Straniero, O. and Isern, J. and Escart{\'\i}n, J A},
title = {{Type Ia supernovae and the $^{12}$C+$^{12}$C reaction rate}},
journal = {arXiv},
year = {2011},
Eprint = {1110.1949v1},
month = oct,
rating = {0},
date-added = {2011-11-04T14:25:46GMT+00:00},
date-modified = {2011-11-04T14:33:43GMT+00:00},
abstract = {The experimental determination of the cross-section of the ^{12}C+^{12}C reaction has never been made at astrophysically relevant energies (E<2 MeV). The profusion of resonances throughout the measured energy range has led to speculation that there is an unknown resonance at E\sim1.5 MeV possibly as strong as the one measured for the resonance at 2.14 MeV. We study the implications that such a resonance would have for the physics of SNIa, paying special attention to the phases that go from the crossing of the ignition curve to the dynamical event. We use one-dimensional hydrostatic and hydrodynamic codes to follow the evolution of accreting white dwarfs until they grow close to the Chandrasekhar mass and explode as SNIa. In our simulations, we account for a low-energy resonance by exploring the parameter space allowed by experimental data. A change in the ^{12}C+^{12}C rate similar to the one explored here would have profound consequences for the physical conditions in the SNIa explosion, namely the central density, neutronization, thermal profile, mass of the convective core, location of the runaway hot spot, or time elapsed since crossing the ignition curve. For instance, with the largest resonance strength we use, the time elapsed since crossing the ignition curve to the supernova event is shorter by a factor ten than for models using the standard rate of ^{12}C+^{12}C, and the runaway temperature is reduced from \sim8.14\times10^{8} K to \sim4.26\times10^{8} K. On the other hand, a resonance at 1.5 MeV, with a strength ten thousand times smaller than the one measured at 2.14 MeV, but with an {\alpha}/p yield ratio substantially different from 1 would have a sizeable impact on the degree of neutronization of matter during carbon simmering. We conclude that a robust understanding of the links between SNIa properties and their progenitors will not be attained until the ^{12}C+^{12}C reaction rate is measured at energies \sim1.5 MeV.},
url = {http://arxiv.org/abs/1110.1949v1},
local-url = {file://localhost/Volumes/nworbde/Papers/Papers2/Articles/2011/Bravo/2011%20Bravo.pdf},
uri = {\url{papers2://publication/uuid/D12E4D14-4A5A-4ACC-836A-C83FB9995C6E}}
}

@ARTICLE{nordhaus:2010,
   author = {{Nordhaus}, J. and {Burrows}, A. and {Almgren}, A. and {Bell}, J.},
    title = "{Dimension as a Key to the Neutrino Mechanism of Core-collapse Supernova Explosions}",
  journal = {\apj},
archivePrefix = "arXiv",
   eprint = {1006.3792},
 primaryClass = "astro-ph.SR",
 keywords = {hydrodynamics, neutrinos, stars: interiors, supernovae: general},
     year = 2010,
    month = sep,
   volume = 720,
    pages = {694-703},
      doi = {10.1088/0004-637X/720/1/694},
   adsurl = {http://adsabs.harvard.edu/abs/2010ApJ...720..694N},
  adsnote = {Provided by the SAO/NASA Astrophysics Data System}
}

@ARTICLE{rantsiou:2011,
   author = {{Rantsiou}, E. and {Burrows}, A. and {Nordhaus}, J. and {Almgren}, A.},
    title = "{Induced Rotation in Three-dimensional Simulations of Core-collapse Supernovae: Implications for Pulsar Spins}",
  journal = {\apj},
archivePrefix = "arXiv",
   eprint = {1010.5238},
 primaryClass = "astro-ph.HE",
 keywords = {hydrodynamics, pulsars: general, supernovae: general},
     year = 2011,
    month = may,
   volume = 732,
      eid = {57},
    pages = {57},
      doi = {10.1088/0004-637X/732/1/57},
   adsurl = {http://adsabs.harvard.edu/abs/2011ApJ...732...57R},
  adsnote = {Provided by the SAO/NASA Astrophysics Data System}
}

@ARTICLE{mengyang,
   author = {{Meng}, X.-C. and {Yang}, W.-M.},
    title = "{Binary population synthesis study of the supersoft X-ray phase of single degenerate type Ia supernova progenitors}",
  journal = {Research in Astronomy and Astrophysics},
archivePrefix = "arXiv",
   eprint = {1105.0754},
 primaryClass = "astro-ph.SR",
     year = 2011,
    month = aug,
   volume = 11,
    pages = {965-973},
      doi = {10.1088/1674-4527/11/8/008},
   adsurl = {http://adsabs.harvard.edu/abs/2011RAA....11..965M},
  adsnote = {Provided by the SAO/NASA Astrophysics Data System}
}

@ARTICLE{bianco:2011,
   author = {{Bianco}, F.~B. and {Howell}, D.~A. and {Sullivan}, M. and {Conley}, A. and 
{Kasen}, D. and {Gonz{\'a}lez-Gait{\'a}n}, S. and {Guy}, J. and 
{Astier}, P. and {Balland}, C. and {Carlberg}, R.~G. and {Fouchez}, D. and 
{Fourmanoit}, N. and {Hardin}, D. and {Hook}, I. and {Lidman}, C. and 
{Pain}, R. and {Palanque-Delabrouille}, N. and {Perlmutter}, S. and 
{Perrett}, K.~M. and {Pritchet}, C.~J. and {Regnault}, N. and 
{Rich}, J. and {Ruhlmann-Kleider}, V.},
    title = "{Constraining Type Ia Supernovae Progenitors from Three Years of Supernova Legacy Survey Data}",
  journal = {\apj},
archivePrefix = "arXiv",
   eprint = {1106.4008},
 primaryClass = "astro-ph.CO",
 keywords = {methods: data analysis, supernovae: general, white dwarfs },
     year = 2011,
    month = nov,
   volume = 741,
      eid = {20},
    pages = {20},
      doi = {10.1088/0004-637X/741/1/20},
   adsurl = {http://adsabs.harvard.edu/abs/2011ApJ...741...20B},
  adsnote = {Provided by the SAO/NASA Astrophysics Data System}
}

@ARTICLE{scidac2010,
   author = {{Almgren}, A. and {Bell}, J. and {Kasen}, D. and {Lijewski}, M. and 
{Nonaka}, A. and {Nugent}, P. and {Rendleman}, C. and {Thomas}, R. and 
{Zingale}, M.},
    title = "{MAESTRO, CASTRO, and SEDONA -- Petascale Codes for Astrophysical Applications}",
  journal = {ArXiv e-prints},
archivePrefix = "arXiv",
   eprint = {1008.2801},
 primaryClass = "astro-ph.IM",
 keywords = {Astrophysics - Instrumentation and Methods for Astrophysics},
     year = 2010,
    month = aug,
   adsurl = {http://adsabs.harvard.edu/abs/2010arXiv1008.2801A},
  adsnote = {Provided by the SAO/NASA Astrophysics Data System}
}


@ARTICLE{boxlib-web,
  author = {CCSE},
  title = "{BoxLib web site}",
  note = {https://ccse.lbl.gov/BoxLib/index.html}
}

@ARTICLE{wdconvect,
   author = {{Zingale}, M. and {Nonaka}, A. and {Almgren}, A.~S. and {Bell}, J.~B. and 
{Malone}, C.~M. and {Woosley}, S.~E.},
    title = "{The Convective Phase Preceding Type Ia Supernovae}",
  journal = {\apj},
 keywords = {convection, hydrodynamics, methods: numerical, nuclear reactions, nucleosynthesis, abundances, supernovae: general, white dwarfs},
     year = 2011,
    month = oct,
   volume = 740,
      eid = {8},
    pages = {8},
      doi = {10.1088/0004-637X/740/1/8},
   adsurl = {http://adsabs.harvard.edu/abs/2011ApJ...740....8Z},
  adsnote = {Provided by the SAO/NASA Astrophysics Data System}
}

@book{decadal,
        Address = {Washington D.C.},
        Author = {Committee for a Decadal Survey of Astronomy and Astrophysics; National Research Council},
        Publisher = {The National Academies Press},
        UrL = {http://www.nap.edu/catalog/12951.html},
        Title = {New Worlds, New Horizons in Astronomy and Astrophysics},
        Year = {2010}}


@article{wfirst,
  author = {NASA},
  title = "{WFIRST web site}",
  note  = {http://wfirst.gsfc.nasa.gov/},
}


@ARTICLE{hachisu10,
   author = {{Hachisu}, I. and {Kato}, M. and {Nomoto}, K.},
    title = "{Supersoft X-ray Phase of Single Degenerate Type Ia Supernova Progenitors in Early-type Galaxies}",
  journal = {\apjl},
archivePrefix = "arXiv",
   eprint = {1010.5860},
 primaryClass = "astro-ph.HE",
 keywords = {binaries: close, galaxies: evolution, stars: winds, outflows, supernovae: general, X-rays: binaries},
     year = 2010,
    month = dec,
   volume = 724,
    pages = {L212-L216},
      doi = {10.1088/2041-8205/724/2/L212},
   adsurl = {http://adsabs.harvard.edu/abs/2010ApJ...724L.212H},
  adsnote = {Provided by the SAO/NASA Astrophysics Data System}
}

@ARTICLE{shenetal+11,
   author = {{Shen}, K.~J. and {Bildsten}, L. and {Kasen}, D. and {Quataert}, E.
	},
    title = "{The Long-Term Evolution of Double White Dwarf Mergers}",
  journal = {ArXiv e-prints},
archivePrefix = "arXiv",
   eprint = {1108.4036},
 primaryClass = "astro-ph.HE",
 keywords = {Astrophysics - High Energy Astrophysical Phenomena, Astrophysics - Solar and Stellar Astrophysics},
     year = 2011,
    month = aug,
   adsurl = {http://adsabs.harvard.edu/abs/2011arXiv1108.4036S},
  adsnote = {Provided by the SAO/NASA Astrophysics Data System}
}


@ARTICLE{fryeretal+10,
   author = {{Fryer}, C.~L. and {Ruiter}, A.~J. and {Belczynski}, K. and 
	{Brown}, P.~J. and {Bufano}, F. and {Diehl}, S. and {Fontes}, C.~J. and 
	{Frey}, L.~H. and {Holland}, S.~T. and {Hungerford}, A.~L. and 
	{Immler}, S. and {Mazzali}, P. and {Meakin}, C. and {Milne}, P.~A. and 
	{Raskin}, C. and {Timmes}, F.~X.},
    title = "{Spectra of Type Ia Supernovae from Double Degenerate Mergers}",
  journal = {\apj},
archivePrefix = "arXiv",
   eprint = {1007.0570},
 primaryClass = "astro-ph.SR",
 keywords = {binaries: close, supernovae: general, white dwarfs},
     year = 2010,
    month = dec,
   volume = 725,
    pages = {296-308},
      doi = {10.1088/0004-637X/725/1/296},
   adsurl = {http://adsabs.harvard.edu/abs/2010ApJ...725..296F},
  adsnote = {Provided by the SAO/NASA Astrophysics Data System}
}

@ARTICLE{raskinetal+10,
   author = {{Raskin}, C. and {Scannapieco}, E. and {Rockefeller}, G. and 
	{Fryer}, C. and {Diehl}, S. and {Timmes}, F.~X.},
    title = "{$^{56}$Ni Production in Double-degenerate White Dwarf Collisions}",
  journal = {\apj},
archivePrefix = "arXiv",
   eprint = {1009.2507},
 primaryClass = "astro-ph.SR",
 keywords = {hydrodynamics, nuclear reactions, nucleosynthesis, abundances, supernovae: general, white dwarfs},
     year = 2010,
    month = nov,
   volume = 724,
    pages = {111-125},
      doi = {10.1088/0004-637X/724/1/111},
   adsurl = {http://adsabs.harvard.edu/abs/2010ApJ...724..111R},
  adsnote = {Provided by the SAO/NASA Astrophysics Data System}
}

@ARTICLE{longland:2011,
   author = {{Longland}, R. and {Lor{\'e}n-Aguilar}, P. and {Jos{\'e}}, J. and 
             {Garc{\'{\i}}a-Berro}, E. and {Althaus}, L.~G. and {Isern}, J.
            },
    title = "{Nucleosynthesis during the Merger of White Dwarfs and the Origin of R Coronae Borealis Stars}",
  journal = {\apjl},
archivePrefix = "arXiv",
   eprint = {1107.2233},
 primaryClass = "astro-ph.SR",
 keywords = {nuclear reactions, nucleosynthesis, abundances, stars: AGB and post-AGB, white dwarfs},
     year = 2011,
    month = aug,
   volume = 737,
      eid = {L34},
    pages = {L34},
      doi = {10.1088/2041-8205/737/2/L34},
   adsurl = {http://adsabs.harvard.edu/abs/2011ApJ...737L..34L},
  adsnote = {Provided by the SAO/NASA Astrophysics Data System}
}

@ARTICLE{swc:2000,
   author = {{Swesty}, F.~D. and {Wang}, E.~Y.~M. and {Calder}, A.~C.},
    title = "{Numerical Models of Binary Neutron Star System Mergers. I. Numerical Methods and Equilibrium Data for Newtonian Models}",
  journal = {\apj},
   eprint = {astro-ph/9911192},
 keywords = {Stars: Binaries: Close, Gravitation, Hydrodynamics, Stars: Neutron},
     year = 2000,
    month = oct,
   volume = 541,
    pages = {937-958},
      doi = {10.1086/309460},
   adsurl = {http://adsabs.harvard.edu/abs/2000ApJ...541..937S},
  adsnote = {Provided by the SAO/NASA Astrophysics Data System}
}


@book{leveque,
        Address = {Cambridge},
        Author = {Randall Leveque},
        Publisher = {Cambridge University Press},
        Title = {Finite Volume Methods for Hyperbolic Problems},
        Year = {2002}}

