@ARTICLE{colellaglaz1985,
   author = {{Colella}, P. and {Glaz}, H.~M.},
    title = "{Efficient solution algorithms for the Riemann problem for real gases}",
  journal = {Journal of Computational Physics},
     year = 1985,
    month = jun,
   volume = 59,
    pages = {264-289}
}

@article{ppm,
     author={P. Colella and P.~R. Woodward},
     journal={Journal of Computational Physics},
     title={The Piecewise Parabolic Method (PPM) for gas-dynamical simulations},
     year=1984,
     volume=54,
     pages={174--201}
}

@article{ppmunsplit,
     author={{Miller}, G.~H. and {Colella}, P.},
     journal={Journal of Computational Physics},
     title="{A Conservative Three-Dimensional Eulerian Method for Coupled Solid-Fluid
             Shock Capturing}",
     year=2002,
     volume=183,
     pages={26--82}
}

@ARTICLE{yoon:2007,
   author = {{Yoon}, {S.-C.} and {Podsiadlowski}, P. and {Rosswog}, S.},
    title = "{Remnant evolution after a carbon-oxygen white dwarf merger}",
  journal = {\mnras},
archivePrefix = "arXiv",
   eprint = {\href{http://arxiv.org/abs/0704.0297}{arXiv:0704.0297}},
 keywords = {accretion, accretion discs, stars: evolution, supernovae: general, 
white dwarfs},
     year = 2007,
    month = sep,
   volume = 380,
    pages = {933-948},
      doi = {10.1111/j.1365-2966.2007.12161.x},
   adsurl = {http://adsabs.harvard.edu/abs/2007MNRAS.380..933Y},
  adsnote = {Provided by the SAO/NASA Astrophysics Data System}
}


@ARTICLE{castro,
   author = {{Almgren}, A.~S. and {Beckner}, V.~E. and {Bell},
                  J.~B. and {Day}, M.~S. and {Howell}, L.~H. and
                  {Joggerst}, C.~C. and {Lijewski}, M.~J. and
                  {Nonaka}, A. and {Singer}, M. and {Zingale}, M.},
    title = "{CASTRO: A New Compressible Astrophysical
                  Solver. I. Hydrodynamics and Self-gravity}",
  journal = {\apj},
archivePrefix = "arXiv",
   eprint = {\href{http://arxiv.org/abs/1005.0114}{arXiv:1005.0114}},
 keywords = {equation of state, gravitation, hydrodynamics, methods:
                  numerical, nuclear reactions, nucleosynthesis,
                  abundances },
     year = 2010,
    month = jun,
   volume = 715,
    pages = {1221-1238},
      doi = {10.1088/0004-637X/715/2/1221},
   adsurl = {http://adsabs.harvard.edu/abs/2010ApJ...715.1221A},
  adsnote = {Provided by the SAO/NASA Astrophysics Data System}
}


@ARTICLE{castro:II,
   author = {{Zhang}, W. and {Howell}, L. and {Almgren}, A. and {Burrows}, A. and 
{Bell}, J.},
    title = "{CASTRO: A New Compressible Astrophysical Solver. II. Gray Radiation Hydrodynamics}",
  journal = {\apjs},
archivePrefix = "arXiv",
   eprint = {\href{http://arxiv.org/abs/1105.2466}{arXiv:1105.2466}},
 primaryClass = "astro-ph.IM",
 keywords = {diffusion, hydrodynamics, methods: numerical, radiative transfer},
     year = 2011,
    month = oct,
   volume = 196,
      eid = {20},
    pages = {20},
      doi = {10.1088/0067-0049/196/2/20},
   adsurl = {http://adsabs.harvard.edu/abs/2011ApJS..196...20Z},
  adsnote = {Provided by the SAO/NASA Astrophysics Data System}
}

@ARTICLE{phillips1993,
   author = {{Phillips}, M.~M.},
    title = "{The absolute magnitudes of Type IA supernovae}",
  journal = {\apjl},
     year = 1993,
   volume = 413,
    pages = {L105-L108},
      doi = {10.1086/186970}
}

@ARTICLE{riess1998,
   author = {{Riess}, A.~G. and {Filippenko}, A.~V. and {Challis}, P. and
             {Clocchiatti}, A. and {Diercks}, A. and {Garnavich}, P.~M. and
             {Gilliland}, R.~L. and {Hogan}, C.~J. and {Jha}, S. and {Kirshner}, R.~P. and
             {Leibundgut}, B. and {Phillips}, M.~M. and {Reiss}, D. and {Schmidt}, B.~P. and
             {Schommer}, R.~A. and {Smith}, R.~C. and {Spyromilio}, J. and
             {Stubbs}, C. and {Suntzeff}, N.~B. and {Tonry}, J.},
    title = "{Observational Evidence from Supernovae for an Accelerating Universe and a Cosmological Constant}",
  journal = AJ,
     year = 1998,
   volume = 116,
    pages = {1009-1038},
      doi = {10.1086/300499}
}


@ARTICLE{perlmutter1999,
   author = {{Perlmutter}, S. and {Aldering}, G. and {Goldhaber}, G. and
             {Knop}, R.~A. and {Nugent}, P. and {Castro}, P.~G. and {Deustua}, S. and
             {Fabbro}, S. and {Goobar}, A. and {Groom}, D.~E. and {Hook}, I.~M. and
             {Kim}, A.~G. and {Kim}, M.~Y. and {Lee}, J.~C. and {Nunes}, N.~J. and
             {Pain}, R. and {Pennypacker}, C.~R. and {Quimby}, R. and {Lidman}, C. and
             {Ellis}, R.~S. and {Irwin}, M. and {McMahon}, R.~G. and {Ruiz-Lapuente}, P. and
             {Walton}, N. and {Schaefer}, B. and {Boyle}, B.~J. and {Filippenko}, A.~V. and
             {Matheson}, T. and {Fruchter}, A.~S. and {Panagia}, N. and {Newberg}, H.~J.~M. and
             {Couch}, W.~J. and {The Supernova Cosmology Project}},
    title = "{Measurements of Omega and Lambda from 42 High-Redshift Supernovae}",
  journal = {\apj},
     year = 1999,
   volume = 517,
    pages = {565-586},
      doi = {10.1086/307221}
}

@ARTICLE{hillebrandtniemeyer2000,
  author =       {Wolfgang Hillebrandt and Jens C. Niemeyer},
  journal =      {Annu. Rev. Astron. Astrophys},
  title =        {{T}ype~{I}a supernova explosion models},
  year =         {2000},
  pages = {191--230},
  volume = {38}
}

@ARTICLE{Pakmor:2010,
   author = {{Pakmor}, R. and {Kromer}, M. and {R{\"o}pke}, F.~K. and {Sim}, S.~A. and 
             {Ruiter}, A.~J. and {Hillebrandt}, W.},
    title = "{Sub-luminous type Ia supernovae from the mergers of equal-mass white dwarfs with mass \~{}0.9$M_{solar}$}",
  journal = {Nature},
archivePrefix = "arXiv",
   eprint = {\href{http://arxiv.org/abs/0911.0926}{arXiv:0911.0926}},
     year = 2010,
    month = jan,
   volume = 463,
    pages = {61-64},
      doi = {10.1038/nature08642},
   adsurl = {http://adsabs.harvard.edu/abs/2010Natur.463...61P},
  adsnote = {Provided by the SAO/NASA Astrophysics Data System}
}

@ARTICLE{timmes-swesty:2000,
  author =       {Frank X. Timmes and F. Douglas Swesty},
  title =        {The accuracy, consistency, and speed of an electron-positron
                  equation of state based on table interpolation of the helmholtz
                  free energy},
  journal =      {\apjs},
  year =         {2000},
  volume =       {126},
  pages =        {501--516},
}


@ARTICLE{loren-aguilar:2009,
   author = {{Lor{\'e}n-Aguilar}, P. and {Isern}, J. and {Garc{\'{\i}}a-Berro}, E.},
    title = "{High-resolution smoothed particle hydrodynamics simulations of the merger of binary white dwarfs}",
  journal = AAP,
 keywords = {stars: white dwarfs, stars: interiors, stars:, binaries: close, hydrodynamics, accretion, accretion disks},
     year = 2009,
    month = jun,
   volume = 500,
    pages = {1193-1205},
      doi = {10.1051/0004-6361/200811060},
   adsurl = {http://adsabs.harvard.edu/abs/2009A%26A...500.1193L},
  adsnote = {Provided by the SAO/NASA Astrophysics Data System}
}


@ARTICLE{webbink:1984,
   author = {{Webbink}, R.~F.},
    title = "{Double white dwarfs as progenitors of R Coronae Borealis stars and Type I supernovae}",
  journal = {\apj},
 keywords = {BINARY STARS, CORONA BOREALIS CONSTELLATION, R CORONAE BOREALIS STARS, STELLAR EVOLUTION, SUPERNOVAE, WHITE DWARF STARS, B STARS, CARBON STARS, CHANDRASEKHAR EQUATION, O STARS, STELLAR MASS ACCRETION, STELLAR MASS EJECTION},
     year = 1984,
    month = feb,
   volume = 277,
    pages = {355-360},
      doi = {10.1086/161701},
   adsurl = {http://adsabs.harvard.edu/abs/1984ApJ...277..355W},
  adsnote = {Provided by the SAO/NASA Astrophysics Data System}
}

@ARTICLE{ibentutukov:1984,
   author = {{Iben}, Jr., I. and {Tutukov}, A.~V.},
    title = "{Supernovae of type I as end products of the evolution of
                  binaries with components of moderate initial mass (M
                  not greater than about 9 solar masses)}",
  journal = {\apjs},
 keywords = {BINARY STARS, STELLAR EVOLUTION, STELLAR MASS, SUPERNOVAE, DWARF STARS, PLANETARY NEBULAE, RED GIANT STARS, STELLAR CORES, STELLAR ENVELOPES, STELLAR MASS ACCRETION, STELLAR WINDS, X RAY SOURCES},
     year = 1984,
    month = feb,
   volume = 54,
    pages = {335-372},
      doi = {10.1086/190932},
   adsurl = {http://adsabs.harvard.edu/abs/1984ApJS...54..335I},
  adsnote = {Provided by the SAO/NASA Astrophysics Data System}
}

@ARTICLE{raskin:2009,
   author = {{Raskin}, C. and {Timmes}, F.~X. and {Scannapieco},
                  E. and {Diehl}, S. and {Fryer}, C.},
    title = "{On Type Ia supernovae from the collisions of two white dwarfs}",
  journal = {\mnras},
archivePrefix = "arXiv",
   eprint = {\href{http://arxiv.org/abs/0907.3915}{arXiv:0907.3915}},
 keywords = {hydrodynamics , nuclear reactions, nucleosynthesis,
                  abundances , supernovae: general , white dwarfs},
     year = 2009,
    month = oct,
   volume = 399,
    pages = {L156-L159},
      doi = {10.1111/j.1745-3933.2009.00743.x},
   adsurl = {http://adsabs.harvard.edu/abs/2009MNRAS.399L.156R},
  adsnote = {Provided by the SAO/NASA Astrophysics Data System}
}


@ARTICLE{loren-aguilar:2010,
   author = {{Lor{\'e}n-Aguilar}, P. and {Isern}, J. and {Garc{\'{\i}}a-Berro}, E.
	},
    title = "{Smoothed particle hydrodynamics simulations of white dwarf collisions and close encounters}",
  journal = {\mnras},
archivePrefix = "arXiv",
   eprint = {\href{http://arxiv.org/abs/1004.4783}{arXiv:1004.4783}},
 primaryClass = "astro-ph.SR",
 keywords = {hydrodynamics, nuclear reactions, nucleosynthesis, abundances, supernovae: general, white dwarfs, globular clusters: general},
     year = 2010,
    month = aug,
   volume = 406,
    pages = {2749-2763},
      doi = {10.1111/j.1365-2966.2010.16878.x},
   adsurl = {http://adsabs.harvard.edu/abs/2010MNRAS.406.2749L},
  adsnote = {Provided by the SAO/NASA Astrophysics Data System}
}

@ARTICLE{rosswog:2004,
   author = {{Rosswog}, S. and {Speith}, R. and {Wynn}, G.~A.},
    title = "{Accretion dynamics in neutron star-black hole binaries}",
  journal = {\mnras},
   eprint = {\href{http://arxiv.org/abs/0403500}{arXiv:0403500}},
 keywords = {accretion, accretion discs, dense matter, methods: numerical, stars: neutron},
     year = 2004,
    month = jul,
   volume = 351,
    pages = {1121-1133},
      doi = {10.1111/j.1365-2966.2004.07865.x},
   adsurl = {http://adsabs.harvard.edu/abs/2004MNRAS.351.1121R},
  adsnote = {Provided by the SAO/NASA Astrophysics Data System}
}

@ARTICLE{scalzo:2010,
   author = {{Scalzo}, R.~A. and {Aldering}, G. and {Antilogus},
                  P. and {Aragon}, C. and {Bailey}, S. and {Baltay},
                  C. and {Bongard}, S. and {Buton}, C. and
                  {Childress}, M. and {Chotard}, N. and {Copin},
                  Y. and {Fakhouri}, H.~K. and {Gal-Yam}, A. and
                  {Gangler}, E. and {Hoyer}, S. and {Kasliwal}, M. and
                  {Loken}, S. and {Nugent}, P. and {Pain}, R. and
                  {P{\'e}contal}, E. and {Pereira}, R. and
                  {Perlmutter}, S. and {Rabinowitz}, D. and {Rau},
                  A. and {Rigaudier}, G. and {Runge}, K. and {Smadja},
                  G. and {Tao}, C. and {Thomas}, R.~C. and {Weaver},
                  B. and {Wu}, C.},
    title = "{Nearby Supernova Factory Observations of SN 2007if: First Total Mass Measurement of a Super-Chandrasekhar-Mass Progenitor}",
  journal = {\apj},
archivePrefix = "arXiv",
   eprint = {\href{http://arxiv.org/abs/1003.2217}{arXiv:1003.2217}},
 keywords = {supernovae: general, supernovae: individual: SNe 2003fg 2006gz 2007if 2009dc, white dwarfs},
     year = 2010,
    month = apr,
   volume = 713,
    pages = {1073-1094},
      doi = {10.1088/0004-637X/713/2/1073},
   adsurl = {http://adsabs.harvard.edu/abs/2010ApJ...713.1073S},
  adsnote = {Provided by the SAO/NASA Astrophysics Data System}
}

@ARTICLE{guerrero:2004,
   author = {{Guerrero}, J. and {Garc{\'{\i}}a-Berro}, E. and {Isern}, J.},
    title = "{Smoothed Particle Hydrodynamics simulations  of merging white dwarfs}",
  journal = AAP,
 keywords = {stars: white dwarfs, stars: interiors, stars: binaries: close, hydrodynamics, methods: numerical, accretion, accretion disks},
     year = 2004,
    month = jan,
   volume = 413,
    pages = {257-272},
      doi = {10.1051/0004-6361:20031504},
   adsurl = {http://adsabs.harvard.edu/abs/2004A%26A...413..257G},
  adsnote = {Provided by the SAO/NASA Astrophysics Data System}
}


@ARTICLE{motl:2007,
   author = {{Motl}, P.~M. and {Frank}, J. and {Tohline}, J.~E. and
                  {D'Souza}, M.~C.~R.},
    title = "{The Stability of Double White Dwarf Binaries Undergoing Direct-Impact Accretion}",
  journal = {\apj},
   eprint = {\href{http://arxiv.org/abs/0702388}{arXiv:0702388}},
 keywords = {Accretion, Accretion Disks, Stars: Binaries: Close, Hydrodynamics, Methods: Numerical, Stars: White Dwarfs},
     year = 2007,
    month = dec,
   volume = 670,
    pages = {1314-1325},
      doi = {10.1086/522076},
   adsurl = {http://adsabs.harvard.edu/abs/2007ApJ...670.1314M},
  adsnote = {Provided by the SAO/NASA Astrophysics Data System}
}

@ARTICLE{hicken:2007,
   author = {{Hicken}, M. and {Garnavich}, P.~M. and {Prieto},
                  J.~L. and {Blondin}, S. and {DePoy}, D.~L. and
                  {Kirshner}, R.~P. and {Parrent}, J.},
    title = "{The Luminous and Carbon-rich Supernova 2006gz: A Double
                  Degenerate Merger?}",
  journal = {\apjl},
archivePrefix = "arXiv",
   eprint = {\href{http://arxiv.org/abs/0709.1501}{arXiv:0709.1501}},
 keywords = {Stars: Supernovae: General, supernovae: individual (SN 2006gz)},
     year = 2007,
    month = nov,
   volume = 669,
    pages = {L17-L20},
      doi = {10.1086/523301},
   adsurl = {http://adsabs.harvard.edu/abs/2007ApJ...669L..17H},
  adsnote = {Provided by the SAO/NASA Astrophysics Data System}
}

@ARTICLE{Yuan:2010,
   author = {{Yuan}, F. and {Quimby}, R.~M. and {Wheeler}, J.~C. and
                  {Vink{\'o}}, J. and {Chatzopoulos}, E. and
                  {Akerlof}, C.~W. and {Kulkarni}, S. and {Miller},
                  J.~M. and {McKay}, T.~A. and {Aharonian}, F.},
    title = "{The Exceptionally Luminous Type Ia Supernova 2007if}",
  journal = {\apj},
archivePrefix = "arXiv",
   eprint = {\href{http://arxiv.org/abs/1004.3329}{arXiv:1004.3329}},
 keywords = {supernovae: individual: SN 2007if },
     year = 2010,
    month = jun,
   volume = 715,
    pages = {1338-1343},
      doi = {10.1088/0004-637X/715/2/1338},
   adsurl = {http://adsabs.harvard.edu/abs/2010ApJ...715.1338Y},
  adsnote = {Provided by the SAO/NASA Astrophysics Data System}
}

@ARTICLE{howell:2006,
   author = {{Howell}, D.~A. and {Sullivan}, M. and {Nugent}, P.~E. and {Ellis}, R.~S. and 
{Conley}, A.~J. and {Le Borgne}, D. and {Carlberg}, R.~G. and 
{Guy}, J. and {Balam}, D. and {Basa}, S. and {Fouchez}, D. and 
{Hook}, I.~M. and {Hsiao}, E.~Y. and {Neill}, J.~D. and {Pain}, R. and 
{Perrett}, K.~M. and {Pritchet}, C.~J.},
    title = "{The type Ia supernova SNLS-03D3bb from a super-Chandrasekhar-mass white dwarf star}",
  journal = {Nature},
   eprint = {\href{http://arxiv.org/abs/0609616}{arXiv:0609616}},
     year = 2006,
    month = sep,
   volume = 443,
    pages = {308-311},
      doi = {10.1038/nature05103},
   adsurl = {http://adsabs.harvard.edu/abs/2006Natur.443..308H},
  adsnote = {Provided by the SAO/NASA Astrophysics Data System}
}

@ARTICLE{benz:1990,
   author = {{Benz}, W. and {Cameron}, A.~G.~W. and {Press}, W.~H. and {Bowers}, R.~L.},
    title = "{Dynamic mass exchange in doubly degenerate binaries. I - 0.9 and 1.2 solar mass stars}",
  journal = {\apj},
 keywords = {BINARY STARS, DEGENERATE MATTER, STELLAR EVOLUTION, STELLAR MASS ACCRETION, SYMBIOTIC STARS, WHITE DWARF STARS, ANGULAR MOMENTUM, COMPUTATIONAL ASTROPHYSICS, GRAVITATIONAL WAVES, STELLAR TEMPERATURE, SUPERNOVAE},
     year = 1990,
    month = jan,
   volume = 348,
    pages = {647-667},
      doi = {10.1086/168273},
   adsurl = {http://adsabs.harvard.edu/abs/1990ApJ...348..647B},
  adsnote = {Provided by the SAO/NASA Astrophysics Data System}
}

@ARTICLE{saionomoto:1985,
   author = {{Saio}, H. and {Nomoto}, K.},
    title = "{Evolution of a merging pair of C + O white dwarfs to form a single neutron star}",
  journal = AAP,
 keywords = {BINARY STARS, CARBON STARS, MASS TRANSFER, NEUTRON STARS, STELLAR EVOLUTION, WHITE DWARF STARS, GRAVITATIONAL COLLAPSE, OXYGEN, PULSARS, STELLAR MASS ACCRETION, STELLAR MASS EJECTION, STELLAR MODELS},
     year = 1985,
    month = sep,
   volume = 150,
    pages = {L21-L23},
   adsurl = {http://adsabs.harvard.edu/abs/1985A%26A...150L..21S},
  adsnote = {Provided by the SAO/NASA Astrophysics Data System}
}

@ARTICLE{saionomoto:2004,
   author = {{Saio}, H. and {Nomoto}, K.},
    title = "{Off-Center Carbon Ignition in Rapidly Rotating, Accreting Carbon-Oxygen White Dwarfs}",
  journal = {\apj},
   eprint = {\href{http://arxiv.org/abs/0401141}{arXiv:0401141}},
 keywords = {Accretion, Accretion Disks, Stars: Evolution, Stars: Rotation, Stars: Supernovae: General, Stars: White Dwarfs},
     year = 2004,
    month = nov,
   volume = 615,
    pages = {444-449},
      doi = {10.1086/423976},
   adsurl = {http://adsabs.harvard.edu/abs/2004ApJ...615..444S},
  adsnote = {Provided by the SAO/NASA Astrophysics Data System}
}

@ARTICLE{nomotoiben:1985,
   author = {{Nomoto}, K. and {Iben}, Jr., I.},
    title = "{Carbon ignition in a rapidly accreting degenerate dwarf - A clue to the nature of the merging process in close binaries}",
  journal = {\apj},
 keywords = {BINARY STARS, CARBON, DWARF STARS, NUCLEAR FUSION, STELLAR EVOLUTION, SUPERNOVAE, NUCLEAR FUSION, STELLAR MASS ACCRETION, STELLAR MODELS, STELLAR STRUCTURE, STELLAR TEMPERATURE},
     year = 1985,
    month = oct,
   volume = 297,
    pages = {531-537},
      doi = {10.1086/163547},
   adsurl = {http://adsabs.harvard.edu/abs/1985ApJ...297..531N},
  adsnote = {Provided by the SAO/NASA Astrophysics Data System}
}

@ARTICLE{kawai:1987,
   author = {{Kawai}, Y. and {Saio}, H. and {Nomoto}, K.},
    title = "{Off-center ignition of nuclear burning in merging white dwarfs}",
  journal = {\apj},
 keywords = {ECLIPSING BINARY STARS, NUCLEAR ASTROPHYSICS, NUCLEAR FUSION, STELLAR INTERIORS, STELLAR MASS ACCRETION, WHITE DWARF STARS, CARBON, HELIUM, STELLAR COMPOSITION, STELLAR EVOLUTION, STELLAR MASS, SYMMETRY},
     year = 1987,
    month = apr,
   volume = 315,
    pages = {229-233},
      doi = {10.1086/165126},
   adsurl = {http://adsabs.harvard.edu/abs/1987ApJ...315..229K},
  adsnote = {Provided by the SAO/NASA Astrophysics Data System}
}

@ARTICLE{rosswog-sph,
   author = {{Rosswog}, S.},
    title = "{Astrophysical smooth particle hydrodynamics}",
  journal = {New Astronomy Review},
archivePrefix = "arXiv",
   eprint = {\href{http://arxiv.org/abs/0903.5075}{arXiv:0903.5075}},
     year = 2009,
    month = apr,
   volume = 53,
    pages = {78-104},
      doi = {10.1016/j.newar.2009.08.007},
   adsurl = {http://adsabs.harvard.edu/abs/2009NewAR..53...78R},
  adsnote = {Provided by the SAO/NASA Astrophysics Data System}
}

@ARTICLE{nomotokondo:1991,
   author = {{Nomoto}, K. and {Kondo}, Y.},
    title = "{Conditions for accretion-induced collapse of white dwarfs}",
  journal = {\apjl},
 keywords = {GLOBULAR CLUSTERS, GRAVITATIONAL COLLAPSE, PULSARS, STELLAR EVOLUTION, STELLAR MASS ACCRETION, WHITE DWARF STARS, BINARY STARS, NEUTRON STARS, STELLAR MODELS, X RAY BINARIES},
     year = 1991,
    month = jan,
   volume = 367,
    pages = {L19-L22},
      doi = {10.1086/185922},
   adsurl = {http://adsabs.harvard.edu/abs/1991ApJ...367L..19N},
  adsnote = {Provided by the SAO/NASA Astrophysics Data System}
}

@ARTICLE{dsouza:2006,
   author = {{D'Souza}, M.~C.~R. and {Motl}, P.~M. and {Tohline},
                  J.~E. and {Frank}, J.},
    title = "{Numerical Simulations of the Onset and Stability of Dynamical Mass Transfer in Binaries}",
  journal = {\apj},
   eprint = {\href{http://arxiv.org/abs/0512137}{arXiv:0512137}},
 keywords = {Accretion, Accretion Disks, Stars: Binaries: Close,
                  Hydrodynamics, Instabilities, Methods: Numerical,
                  Stars: White Dwarfs},
     year = 2006,
    month = may,
   volume = 643,
    pages = {381-401},
      doi = {10.1086/500384},
   adsurl = {http://adsabs.harvard.edu/abs/2006ApJ...643..381D},
  adsnote = {Provided by the SAO/NASA Astrophysics Data System}
}

@ARTICLE{motl:2002,
   author = {{Motl}, P.~M. and {Tohline}, J.~E. and {Frank}, J.},
    title = "{Numerical Methods for the Simulation of Dynamical Mass Transfer in Binaries}",
  journal = {\apjs},
   eprint = {\href{http://arxiv.org/abs/0107308}{arXiv:0107308}},
 keywords = {accretions, accretions disks, Stars: Binaries: Close, Hydrodynamics, Methods: Numerical},
     year = 2002,
    month = jan,
   volume = 138,
    pages = {121-148},
      doi = {10.1086/324159},
   adsurl = {http://adsabs.harvard.edu/abs/2002ApJS..138..121M},
  adsnote = {Provided by the SAO/NASA Astrophysics Data System}
}

@ARTICLE{loren-aguilar:2005,
   author = {{Lor{\'e}n-Aguilar}, P. and {Guerrero}, J. and {Isern}, J. and 
{Lobo}, J.~A. and {Garc{\'{\i}}a-Berro}, E.},
    title = "{Gravitational wave radiation from the coalescence of white dwarfs}",
  journal = {\mnras},
   eprint = {\href{http://arxiv.org/abs/0410356}{arXiv:0410356}},
 keywords = {gravitational waves, binaries: close, white dwarfs},
     year = 2005,
    month = jan,
   volume = 356,
    pages = {627-636},
      doi = {10.1111/j.1365-2966.2004.08472.x},
   adsurl = {http://adsabs.harvard.edu/abs/2005MNRAS.356..627L},
  adsnote = {Provided by the SAO/NASA Astrophysics Data System}
}

@ARTICLE{garcia-berro:2005,
   author = {{Garc{\'{\i}}a-Berro}, E. and {Lor{\'e}n-Aguilar}, P. and
                  {Isern}, J. and {Pedemonte}, A.~G. and {Guerrero},
                  J. and {Lobo}, J.~A.},
    title = "{Gravitational wave emission from the coalescence of white dwarfs}",
  journal = {Classical and Quantum Gravity},
     year = 2005,
    month = may,
   volume = 22,
    pages = {453-+},
      doi = {10.1088/0264-9381/22/10/042},
   adsurl = {http://adsabs.harvard.edu/abs/2005CQGra..22S.453G},
  adsnote = {Provided by the SAO/NASA Astrophysics Data System}
}

@ARTICLE{garcia-berro:2007,
   author = {{Garc{\'{\i}}a-Berro}, E. and {Lor{\'e}n-Aguilar}, P. and {Pedemonte}, A.~G. and 
	{Isern}, J. and {Bergeron}, P. and {Dufour}, P. and {Brassard}, P.
	},
    title = "{Evidence of a Merger of Binary White Dwarfs: The Case of GD 362}",
  journal = {\apjl},
archivePrefix = "arXiv",
   eprint = {\href{http://arxiv.org/abs/0704.1258}{arXiv:0704.1258}},
 keywords = {Stars: Chemically Peculiar, Stars: Individual: Alphanumeric: GD 362, Stars: White Dwarfs},
     year = 2007,
    month = jun,
   volume = 661,
    pages = {L179-L182},
      doi = {10.1086/518768},
   adsurl = {http://adsabs.harvard.edu/abs/2007ApJ...661L.179G},
  adsnote = {Provided by the SAO/NASA Astrophysics Data System}
}

@ARTICLE{clayton:2007,
   author = {{Clayton}, G.~C. and {Geballe}, T.~R. and {Herwig}, F. and {Fryer}, C. and 
	{Asplund}, M.},
    title = "{Very Large Excesses of $^{18}O$ in Hydrogen-deficient Carbon and R Coronae Borealis Stars: Evidence for White Dwarf Mergers}",
  journal = {\apj},
   eprint = {\href{http://arxiv.org/abs/0703453}{arXiv:0703453}},
 keywords = {Stars: Abundances, Stars: AGB and Post-AGB, Stars: Evolution, Stars: Variables: Other},
     year = 2007,
    month = jun,
   volume = 662,
    pages = {1220-1230},
      doi = {10.1086/518307},
   adsurl = {http://adsabs.harvard.edu/abs/2007ApJ...662.1220C},
  adsnote = {Provided by the SAO/NASA Astrophysics Data System}
}

@ARTICLE{agertz:2007,
   author = {{Agertz}, O. and {Moore}, B. and {Stadel}, J. and
                  {Potter}, D. and {Miniati}, F. and {Read}, J. and
                  {Mayer}, L. and {Gawryszczak}, A. and {Kravtsov},
                  A. and {Nordlund}, {\AA}. and {Pearce}, F. and
                  {Quilis}, V. and {Rudd}, D. and {Springel}, V. and
                  {Stone}, J. and {Tasker}, E. and {Teyssier}, R. and
                  {Wadsley}, J. and {Walder}, R.},
title = "{Fundamental differences between SPH and grid methods}",
  journal = {\mnras},
   eprint = {\href{http://arxiv.org/abs/0610051}{arXiv:0610051}},
 keywords = {hydrodynamics, instabilities, turbulence, methods: numerical, ISM: clouds, galaxies: evolution, galaxies: formation, galaxies: general},
     year = 2007,
    month = sep,
   volume = 380,
    pages = {963-978},
      doi = {10.1111/j.1365-2966.2007.12183.x},
   adsurl = {http://adsabs.harvard.edu/abs/2007MNRAS.380..963A},
  adsnote = {Provided by the SAO/NASA Astrophysics Data System}
}

@ARTICLE{mccorquodale97,
   author = {{McCorquodqale}, P. and {Colella}, P. and {Balls}, G. and {Baden}, S.~B.},
    title = "{A Local Corrections Algorithm for solving Poisson's Equation in Three Dimensions}",
  journal = {Communications in Applied Mathematics and Computational Science},
     year = 2007,
   volume = 2,
    pages = {57-81},
   adsurl = {http://escholarship.org/uc/item/05d6k42g}
}

@ARTICLE{james77,
   author = {{James}, R.~A.},
    title = "{The solution of Poisson's Equation for isolated source distribution}",
  journal = {Journal of Computational Physics},
     year = 1977,
   volume = 2,
    pages = {71-93},
}

@ARTICLE{boxlib-web,
  author = {CCS>E},
  title = "{BoxLib web site}",
  note = {https://ccse.lbl.gov/BoxLib/index.html}
}

@ARTICLE{boxlib-tiling,
   author = {{Zhang}, W. and {Almgren}, A. and {Day}, M. and {Nguyen}, T. and {Shalf}, J. and {Unat}, D.},
    title = "{BoxLib with Tiling: An AMR Software Framework}",
  journal = {SIAM Journal on Scientific Computing},
     year = 2015,
     note = {submitted}
}

@ARTICLE{shenetal+11,
   author = {{Shen}, K.~J. and {Bildsten}, L. and {Kasen}, D. and {Quataert}, E.
	},
    title = "{The Long-Term Evolution of Double White Dwarf Mergers}",
  journal = {ArXiv e-prints},
archivePrefix = "arXiv",
   eprint = {\href{http://arxiv.org/abs/1108.4036}{arXiv:1108.4036}},
 primaryClass = "astro-ph.HE",
 keywords = {Astrophysics - High Energy Astrophysical Phenomena, Astrophysics - Solar and Stellar Astrophysics},
     year = 2011,
    month = aug,
   adsurl = {http://adsabs.harvard.edu/abs/2011arXiv1108.4036S},
  adsnote = {Provided by the SAO/NASA Astrophysics Data System}
}


@ARTICLE{fryeretal+10,
   author = {{Fryer}, C.~L. and {Ruiter}, A.~J. and {Belczynski}, K. and 
	{Brown}, P.~J. and {Bufano}, F. and {Diehl}, S. and {Fontes}, C.~J. and 
	{Frey}, L.~H. and {Holland}, S.~T. and {Hungerford}, A.~L. and 
	{Immler}, S. and {Mazzali}, P. and {Meakin}, C. and {Milne}, P.~A. and 
	{Raskin}, C. and {Timmes}, F.~X.},
    title = "{Spectra of Type Ia Supernovae from Double Degenerate Mergers}",
  journal = {\apj},
archivePrefix = "arXiv",
   eprint = {\href{http://arxiv.org/abs/1007.0570}{arXiv:1007.0570}},
 primaryClass = "astro-ph.SR",
 keywords = {binaries: close, supernovae: general, white dwarfs},
     year = 2010,
    month = dec,
   volume = 725,
    pages = {296-308},
      doi = {10.1088/0004-637X/725/1/296},
   adsurl = {http://adsabs.harvard.edu/abs/2010ApJ...725..296F},
  adsnote = {Provided by the SAO/NASA Astrophysics Data System}
}

@ARTICLE{raskinetal+10,
   author = {{Raskin}, C. and {Scannapieco}, E. and {Rockefeller}, G. and 
	{Fryer}, C. and {Diehl}, S. and {Timmes}, F.~X.},
    title = "{$^{56}$Ni Production in Double-degenerate White Dwarf Collisions}",
  journal = {\apj},
archivePrefix = "arXiv",
   eprint = {\href{http://arxiv.org/abs/1009.2507}{arXiv:1009.2507}},
 primaryClass = "astro-ph.SR",
 keywords = {hydrodynamics, nuclear reactions, nucleosynthesis, abundances, supernovae: general, white dwarfs},
     year = 2010,
    month = nov,
   volume = 724,
    pages = {111-125},
      doi = {10.1088/0004-637X/724/1/111},
   adsurl = {http://adsabs.harvard.edu/abs/2010ApJ...724..111R},
  adsnote = {Provided by the SAO/NASA Astrophysics Data System}
}

@ARTICLE{longland:2011,
   author = {{Longland}, R. and {Lor{\'e}n-Aguilar}, P. and {Jos{\'e}}, J. and 
             {Garc{\'{\i}}a-Berro}, E. and {Althaus}, L.~G. and {Isern}, J.
            },
    title = "{Nucleosynthesis during the Merger of White Dwarfs and the Origin of R Coronae Borealis Stars}",
  journal = {\apjl},
archivePrefix = "arXiv",
   eprint = {\href{http://arxiv.org/abs/1107.2233}{arXiv:1107.2233}},
 primaryClass = "astro-ph.SR",
 keywords = {nuclear reactions, nucleosynthesis, abundances, stars: AGB and post-AGB, white dwarfs},
     year = 2011,
    month = aug,
   volume = 737,
      eid = {L34},
    pages = {L34},
      doi = {10.1088/2041-8205/737/2/L34},
   adsurl = {http://adsabs.harvard.edu/abs/2011ApJ...737L..34L},
  adsnote = {Provided by the SAO/NASA Astrophysics Data System}
}

@ARTICLE{swc:2000,
   author = {{Swesty}, F.~D. and {Wang}, E.~Y.~M. and {Calder}, A.~C.},
    title = "{Numerical Models of Binary Neutron Star System Mergers. I. Numerical Methods and Equilibrium Data for Newtonian Models}",
  journal = {\apj},
   eprint = {\href{http://arxiv.org/abs/9911192}{arXiv:9911192}},
 keywords = {Stars: Binaries: Close, Gravitation, Hydrodynamics, Stars: Neutron},
     year = 2000,
    month = oct,
   volume = 541,
    pages = {937-958},
      doi = {10.1086/309460},
   adsurl = {http://adsabs.harvard.edu/abs/2000ApJ...541..937S},
  adsnote = {Provided by the SAO/NASA Astrophysics Data System}
}

@ARTICLE{burkhart:1997,
  author = {{Burkhart}, Richard~H.},
   title = "{Asymptotic Expansion of the Free-space Green's function for the Discrete 3-D Poisson Equation}",
 journal = {SIAM Journal on Scientific Computing},
    year = 1997,
   month = July,
  volume = 18,
   pages = {1142-1162},
     doi = {10.1137/S1064827594261589}
}


@BOOK{hockney-eastwood,
   author = {{Hockney}, R.~W. and {Eastwood}, J.~W.},
    title = "{Computer Simulation Using Particles}",
booktitle = {Computer Simulation Using Particles, New York: McGraw-Hill, 1981},
     year = 1981,
   adsurl = {http://adsabs.harvard.edu/abs/1981csup.book.....H},
  adsnote = {Provided by the SAO/NASA Astrophysics Data System}
}

@ARTICLE{zingale:2002,
   author = {{Zingale}, M. and {Dursi}, L.~J. and {ZuHone}, J. and {Calder}, A.~C. and 
	{Fryxell}, B. and {Plewa}, T. and {Truran}, J.~W. and {Caceres}, A. and 
	{Olson}, K. and {Ricker}, P.~M. and {Riley}, K. and {Rosner}, R. and 
	{Siegel}, A. and {Timmes}, F.~X. and {Vladimirova}, N.},
    title = "{Mapping Initial Hydrostatic Models in Godunov Codes}",
  journal = {\apjs},
     year = 2002,
    month = dec,
   volume = 143,
    pages = {539-565}
}

@ARTICLE{hoyle-fowler:1960,
   author = {{Hoyle}, F. and {Fowler}, W.~A.},
    title = "{Nucleosynthesis in Supernovae.}",
  journal = {\apj},
     year = 1960,
    month = nov,
   volume = 132,
    pages = {565},
      doi = {10.1086/146963},
   adsurl = {http://adsabs.harvard.edu/abs/1960ApJ...132..565H},
  adsnote = {Provided by the SAO/NASA Astrophysics Data System}
}

@ARTICLE{rasio-shapiro:1995,
   author = {{Rasio}, F.~A. and {Shapiro}, S.~L.},
    title = "{Hydrodynamics of binary coalescence. 2: Polytropes with gamma = 5/3}",
  journal = {\apj},
   eprint = {\href{http://arxiv.org/abs/9406032}{arXiv:9406032}},
 keywords = {Binary Stars, Coalescing, Hydrodynamics, Polytropic Processes, Stability, White Dwarf Stars, Equations Of State, Stellar Interiors, Stellar Rotation},
     year = 1995,
    month = jan,
   volume = 438,
    pages = {887-903},
      doi = {10.1086/175130},
   adsurl = {http://adsabs.harvard.edu/abs/1995ApJ...438..887R},
  adsnote = {Provided by the SAO/NASA Astrophysics Data System}
}


@ARTICLE{tutukov-yungelson:1979,
   author = {{Tutukov}, A.~V. and {Yungelson}, L.~R.},
    title = "{On the influence of emission of gravitational waves on the evolution of low-mass close binary stars}",
  journal = {\actaa},
 keywords = {Binary Stars, Gravitational Waves, Main Sequence Stars, Stellar Evolution, Stellar Gravitation, Mass Transfer, Roche Limit, Stellar Mass, Stellar Radiation},
     year = 1979,
   volume = 29,
    pages = {665-680},
   adsurl = {http://adsabs.harvard.edu/abs/1979AcA....29..665T},
  adsnote = {Provided by the SAO/NASA Astrophysics Data System}
}


@ARTICLE{mochkovitch-livio:1990,
   author = {{Mochkovitch}, R. and {Livio}, M.},
    title = "{The coalescence of white dwarfs and type I supernovae - The merged configuration}",
  journal = {\aap},
 keywords = {Binary Stars, Supernovae, White Dwarf Stars, Gravitational Waves, Stellar Envelopes, Stellar Evolution, Stellar Luminosity, Stellar Mass, Stellar Mass Accretion},
     year = 1990,
    month = sep,
   volume = 236,
    pages = {378-384},
   adsurl = {http://adsabs.harvard.edu/abs/1990A%26A...236..378M},
  adsnote = {Provided by the SAO/NASA Astrophysics Data System}
}

@INPROCEEDINGS{livio:2000,
   author = {{Livio}, M.},
    title = "{The Progenitors of Type Ia Supernovae}",
booktitle = {Type Ia Supernovae, Theory and Cosmology},
     year = 2000,
   eprint = {\href{http://arxiv.org/abs/9903264}{arXiv:9903264}},
   editor = {{Niemeyer}, J.~C. and {Truran}, J.~W.},
    pages = {33},
   adsurl = {http://adsabs.harvard.edu/abs/2000tias.conf...33L},
  adsnote = {Provided by the SAO/NASA Astrophysics Data System}
}

@ARTICLE{pakmor:2011,
   author = {{Pakmor}, R. and {Hachinger}, S. and {R{\"o}pke}, F.~K. and {Hillebrandt}, W.},
    title = "{Violent mergers of nearly equal-mass white dwarf as progenitors of subluminous Type Ia supernovae}",
  journal = {\aap},
archivePrefix = "arXiv",
   eprint = {\href{http://arxiv.org/abs/1102.1354}{arXiv:1102.1354}},
 primaryClass = "astro-ph.SR",
 keywords = {supernovae: general, hydrodynamics, binaries: close},
     year = 2011,
    month = apr,
   volume = 528,
      eid = {A117},
    pages = {A117},
      doi = {10.1051/0004-6361/201015653},
   adsurl = {http://adsabs.harvard.edu/abs/2011A%26A...528A.117P},
  adsnote = {Provided by the SAO/NASA Astrophysics Data System}
}


@ARTICLE{pakmor:2012,
   author = {{Pakmor}, R. and {Kromer}, M. and {Taubenberger}, S. and {Sim}, S.~A. and {R{\"o}pke}, F.~K. and {Hillebrandt}, W.},
    title = "{Normal Type Ia Supernovae from Violent Mergers of White Dwarf Binaries}",
  journal = {\apjl},
archivePrefix = "arXiv",
   eprint = {\href{http://arxiv.org/abs/1201.5123}{arXiv:1201.5123}},
 primaryClass = "astro-ph.HE",
 keywords = {binaries: close, hydrodynamics, radiative transfer, supernovae: general},
     year = 2012,
    month = mar,
   volume = 747,
      eid = {L10},
    pages = {L10},
      doi = {10.1088/2041-8205/747/1/L10},
   adsurl = {http://adsabs.harvard.edu/abs/2012ApJ...747L..10P},
  adsnote = {Provided by the SAO/NASA Astrophysics Data System}
}

@ARTICLE{pakmor:2012:gadget,
   author = {{Pakmor}, R. and {Edelmann}, P. and {R{\"o}pke}, F.~K. and {Hillebrandt}, W.
        },
    title = "{Stellar GADGET: a smoothed particle hydrodynamics code for stellar astrophysics and its application to Type Ia supernovae from white dwarf mergers}",
  journal = {\mnras},
archivePrefix = "arXiv",
   eprint = {\href{http://arxiv.org/abs/1205.5806}{arXiv:1205.5806}},
 primaryClass = "astro-ph.HE",
 keywords = {hydrodynamics, methods: numerical, binaries: close, supernovae: general },
     year = 2012,
    month = aug,
   volume = 424,
    pages = {2222-2231},
      doi = {10.1111/j.1365-2966.2012.21383.x},
   adsurl = {http://adsabs.harvard.edu/abs/2012MNRAS.424.2222P},
  adsnote = {Provided by the SAO/NASA Astrophysics Data System}
}


@ARTICLE{pakmor:2013,
   author = {{Pakmor}, R. and {Kromer}, M. and {Taubenberger}, S. and {Springel}, V.},
    title = "{Helium-ignited Violent Mergers as a Unified Model for Normal and Rapidly Declining Type Ia Supernovae}",
  journal = {\apjl},
archivePrefix = "arXiv",
   eprint = {\href{http://arxiv.org/abs/1302.2913}{arXiv:1302.2913}},
 primaryClass = "astro-ph.HE",
 keywords = {binaries: general, supernovae: general, white dwarfs},
     year = 2013,
    month = jun,
   volume = 770,
      eid = {L8},
    pages = {L8},
      doi = {10.1088/2041-8205/770/1/L8},
   adsurl = {http://adsabs.harvard.edu/abs/2013ApJ...770L...8P},
  adsnote = {Provided by the SAO/NASA Astrophysics Data System}
}

@ARTICLE{dan:2009,
   author = {{Dan}, M. and {Rosswog}, S. and {Br{\"u}ggen}, M.},
    title = "{Mass transfer dynamics in double degenerate binary systems}",
  journal = {Journal of Physics Conference Series},
archivePrefix = "arXiv",
   eprint = {\href{http://arxiv.org/abs/0811.1517}{arXiv:0811.1517}},
     year = 2009,
    month = jun,
   volume = 172,
   number = 1,
      eid = {012034},
    pages = {012034},
      doi = {10.1088/1742-6596/172/1/012034},
   adsurl = {http://adsabs.harvard.edu/abs/2009JPhCS.172a2034D},
  adsnote = {Provided by the SAO/NASA Astrophysics Data System}
}

@ARTICLE{dan:2011,
   author = {{Dan}, M. and {Rosswog}, S. and {Guillochon}, J. and {Ramirez-Ruiz}, E.
	},
    title = "{Prelude to A Double Degenerate Merger: The Onset of Mass Transfer and Its Impact on Gravitational Waves and Surface Detonations}",
  journal = {\apj},
archivePrefix = "arXiv",
   eprint = {\href{http://arxiv.org/abs/1101.5132}{arXiv:1101.5132}},
 primaryClass = "astro-ph.HE",
 keywords = {hydrodynamics, nuclear reactions, nucleosynthesis, abundances, supernovae: general, white dwarfs},
     year = 2011,
    month = aug,
   volume = 737,
      eid = {89},
    pages = {89},
      doi = {10.1088/0004-637X/737/2/89},
   adsurl = {http://adsabs.harvard.edu/abs/2011ApJ...737...89D},
  adsnote = {Provided by the SAO/NASA Astrophysics Data System}
}


@ARTICLE{dan:2012,
   author = {{Dan}, M. and {Rosswog}, S. and {Guillochon}, J. and {Ramirez-Ruiz}, E.
	},
    title = "{How the merger of two white dwarfs depends on their mass ratio: orbital stability and detonations at contact}",
  journal = {\mnras},
archivePrefix = "arXiv",
   eprint = {\href{http://arxiv.org/abs/1201.2406}{arXiv:1201.2406}},
 primaryClass = "astro-ph.HE",
 keywords = {hydrodynamics, nuclear reactions, nucleosynthesis, abundances, supernovae: general, white dwarfs},
     year = 2012,
    month = may,
   volume = 422,
    pages = {2417-2428},
      doi = {10.1111/j.1365-2966.2012.20794.x},
   adsurl = {http://adsabs.harvard.edu/abs/2012MNRAS.422.2417D},
  adsnote = {Provided by the SAO/NASA Astrophysics Data System}
}

@ARTICLE{dan:2014,
   author = {{Dan}, M. and {Rosswog}, S. and {Br{\"u}ggen}, M. and {Podsiadlowski}, P.
	},
    title = "{The structure and fate of white dwarf merger remnants}",
  journal = {\mnras},
archivePrefix = "arXiv",
   eprint = {\href{http://arxiv.org/abs/1308.1667}{arXiv:1308.1667}},
 primaryClass = "astro-ph.HE",
 keywords = {accretion, accretion disks, hydrodynamics, nuclear reactions, nucleosynthesis, abundances, white dwarfs},
     year = 2014,
    month = feb,
   volume = 438,
    pages = {14-34},
      doi = {10.1093/mnras/stt1766},
   adsurl = {http://adsabs.harvard.edu/abs/2014MNRAS.438...14D},
  adsnote = {Provided by the SAO/NASA Astrophysics Data System}
}

@ARTICLE{vankerkwijk:2010,
   author = {{van Kerkwijk}, M.~H. and {Chang}, P. and {Justham}, S.},
    title = "{Sub-Chandrasekhar White Dwarf Mergers as the Progenitors of Type Ia Supernovae}",
  journal = {\apjl},
archivePrefix = "arXiv",
   eprint = {\href{http://arxiv.org/abs/1006.4391}{arXiv:1006.4391}},
 primaryClass = "astro-ph.SR",
 keywords = {binaries: close, supernovae: general, white dwarfs},
     year = 2010,
    month = oct,
   volume = 722,
    pages = {L157-L161},
      doi = {10.1088/2041-8205/722/2/L157},
   adsurl = {http://adsabs.harvard.edu/abs/2010ApJ...722L.157V},
  adsnote = {Provided by the SAO/NASA Astrophysics Data System}
}

@ARTICLE{zhu:2013,
   author = {{Zhu}, C. and {Chang}, P. and {van Kerkwijk}, M.~H. and {Wadsley}, J.
	},
    title = "{A Parameter-space Study of Carbon-Oxygen White Dwarf Mergers}",
  journal = {\apj},
archivePrefix = "arXiv",
   eprint = {\href{http://arxiv.org/abs/1210.3616}{arXiv:1210.3616}},
 primaryClass = "astro-ph.SR",
 keywords = {binaries: close, hydrodynamics, supernovae: general, white dwarfs },
     year = 2013,
    month = apr,
   volume = 767,
      eid = {164},
    pages = {164},
      doi = {10.1088/0004-637X/767/2/164},
   adsurl = {http://adsabs.harvard.edu/abs/2013ApJ...767..164Z},
  adsnote = {Provided by the SAO/NASA Astrophysics Data System}
}


@ARTICLE{schwab:2012,
   author = {{Schwab}, J. and {Shen}, K.~J. and {Quataert}, E. and {Dan}, M. and 
	{Rosswog}, S.},
    title = "{The viscous evolution of white dwarf merger remnants}",
  journal = {\mnras},
archivePrefix = "arXiv",
   eprint = {\href{http://arxiv.org/abs/1207.0512}{arXiv:1207.0512}},
 primaryClass = "astro-ph.HE",
 keywords = {hydrodynamics, supernovae: general, white dwarfs},
     year = 2012,
    month = nov,
   volume = 427,
    pages = {190-203},
      doi = {10.1111/j.1365-2966.2012.21993.x},
   adsurl = {http://adsabs.harvard.edu/abs/2012MNRAS.427..190S},
  adsnote = {Provided by the SAO/NASA Astrophysics Data System}
}

@ARTICLE{shen:2012,
   author = {{Shen}, K.~J. and {Bildsten}, L. and {Kasen}, D. and {Quataert}, E.
	},
    title = "{The Long-term Evolution of Double White Dwarf Mergers}",
  journal = {\apj},
archivePrefix = "arXiv",
   eprint = {\href{http://arxiv.org/abs/1108.4036}{arXiv:1108.4036}},
 primaryClass = "astro-ph.HE",
 keywords = {binaries: close, nuclear reactions, nucleosynthesis, abundances, supernovae: general, white dwarfs},
     year = 2012,
    month = mar,
   volume = 748,
      eid = {35},
    pages = {35},
      doi = {10.1088/0004-637X/748/1/35},
   adsurl = {http://adsabs.harvard.edu/abs/2012ApJ...748...35S},
  adsnote = {Provided by the SAO/NASA Astrophysics Data System}
}

@ARTICLE{guillochon:2010,
   author = {{Guillochon}, J. and {Dan}, M. and {Ramirez-Ruiz}, E. and {Rosswog}, S.
	},
    title = "{Surface Detonations in Double Degenerate Binary Systems Triggered by Accretion Stream Instabilities}",
  journal = {\apjl},
archivePrefix = "arXiv",
   eprint = {\href{http://arxiv.org/abs/0911.0416}{arXiv:0911.0416}},
 primaryClass = "astro-ph.HE",
 keywords = {accretion, accretion disks, binaries: general, instabilities, novae, cataclysmic variables, supernovae: general, white dwarfs},
     year = 2010,
    month = jan,
   volume = 709,
    pages = {L64-L69},
      doi = {10.1088/2041-8205/709/1/L64},
   adsurl = {http://adsabs.harvard.edu/abs/2010ApJ...709L..64G},
  adsnote = {Provided by the SAO/NASA Astrophysics Data System}
}

@ARTICLE{raskin:2012,
   author = {{Raskin}, C. and {Scannapieco}, E. and {Fryer}, C. and {Rockefeller}, G. and 
	{Timmes}, F.~X.},
    title = "{Remnants of Binary White Dwarf Mergers}",
  journal = {\apj},
archivePrefix = "arXiv",
   eprint = {\href{http://arxiv.org/abs/1112.1420}{arXiv:1112.1420}},
 primaryClass = "astro-ph.HE",
 keywords = {hydrodynamics, nuclear reactions, nucleosynthesis, abundances, supernovae: general, white dwarfs},
     year = 2012,
    month = feb,
   volume = 746,
      eid = {62},
    pages = {62},
      doi = {10.1088/0004-637X/746/1/62},
   adsurl = {http://adsabs.harvard.edu/abs/2012ApJ...746...62R},
  adsnote = {Provided by the SAO/NASA Astrophysics Data System}
}

@ARTICLE{raskin:2014,
   author = {{Raskin}, C. and {Kasen}, D. and {Moll}, R. and {Schwab}, J. and 
	{Woosley}, S.},
    title = "{Type Ia Supernovae from Merging White Dwarfs. II. Post-merger Detonations}",
  journal = {\apj},
 keywords = {hydrodynamics, nuclear reactions, nucleosynthesis, abundances, supernovae: general, white dwarfs },
     year = 2014,
    month = jun,
   volume = 788,
      eid = {75},
    pages = {75},
      doi = {10.1088/0004-637X/788/1/75},
   adsurl = {http://adsabs.harvard.edu/abs/2014ApJ...788...75R},
  adsnote = {Provided by the SAO/NASA Astrophysics Data System}
}

@ARTICLE{moll:2014,
   author = {{Moll}, R. and {Raskin}, C. and {Kasen}, D. and {Woosley}, S.~E.
	},
    title = "{Type Ia Supernovae from Merging White Dwarfs. I. Prompt Detonations}",
  journal = {\apj},
archivePrefix = "arXiv",
   eprint = {\href{http://arxiv.org/abs/1311.5008}{arXiv:1311.5008}},
 primaryClass = "astro-ph.HE",
 keywords = {hydrodynamics, nuclear reactions, nucleosynthesis, abundances, shock waves, supernovae: general, white dwarfs},
     year = 2014,
    month = apr,
   volume = 785,
      eid = {105},
    pages = {105},
      doi = {10.1088/0004-637X/785/2/105},
   adsurl = {http://adsabs.harvard.edu/abs/2014ApJ...785..105M},
  adsnote = {Provided by the SAO/NASA Astrophysics Data System}
}


@ARTICLE{whelan-iben:1973,
   author = {{Whelan}, J. and {Iben}, Jr., I.},
    title = "{Binaries and Supernovae of Type I}",
  journal = {\apj},
     year = 1973,
    month = dec,
   volume = 186,
    pages = {1007-1014},
      doi = {10.1086/152565},
   adsurl = {http://adsabs.harvard.edu/abs/1973ApJ...186.1007W},
  adsnote = {Provided by the SAO/NASA Astrophysics Data System}
}

@ARTICLE{hillebrandt:2013,
   author = {{Hillebrandt}, W. and {Kromer}, M. and {R{\"o}pke}, F.~K. and 
	{Ruiter}, A.~J.},
    title = "{Towards an understanding of Type Ia supernovae from a synthesis of theory and observations}",
  journal = {Frontiers of Physics},
archivePrefix = "arXiv",
   eprint = {\href{http://arxiv.org/abs/1302.6420}{arXiv:1302.6420}},
 primaryClass = "astro-ph.CO",
 keywords = {supernovae, nucleosynthesis, stellar evolution, binary and multiple stars, nuclear reactions},
     year = 2013,
    month = apr,
   volume = 8,
    pages = {116-143},
      doi = {10.1007/s11467-013-0303-2},
   adsurl = {http://adsabs.harvard.edu/abs/2013FrPhy...8..116H},
  adsnote = {Provided by the SAO/NASA Astrophysics Data System}
}

@ARTICLE{maoz:2014,
   author = {{Maoz}, D. and {Mannucci}, F. and {Nelemans}, G.},
    title = "{Observational Clues to the Progenitors of Type Ia Supernovae}",
  journal = {\araa},
archivePrefix = "arXiv",
   eprint = {\href{http://arxiv.org/abs/1312.0628}{arXiv:1312.0628}},
     year = 2014,
    month = aug,
   volume = 52,
    pages = {107-170},
      doi = {10.1146/annurev-astro-082812-141031},
   adsurl = {http://adsabs.harvard.edu/abs/2014ARA%26A..52..107M},
  adsnote = {Provided by the SAO/NASA Astrophysics Data System}
}

@ARTICLE{colella-sekora:2008,
   author = {{Colella}, P. and {Sekora}, M.~D.},
    title = "{A limiter for PPM that preserves accuracy at smooth extrema}",
  journal = {Journal of Computational Physics},
     year = 2008,
    month = jul,
   volume = 227,
    pages = {7069-7076},
      doi = {10.1016/j.jcp.2008.03.034},
   adsurl = {http://adsabs.harvard.edu/abs/2008JCoPh.227.7069C},
  adsnote = {Provided by the SAO/NASA Astrophysics Data System}
}

@ARTICLE{robertson:2010,
   author = {{Robertson}, B.~E. and {Kravtsov}, A.~V. and {Gnedin}, N.~Y. and 
             {Abel}, T. and {Rudd}, D.~H.},
    title = "{Computational Eulerian hydrodynamics and Galilean invariance}",
  journal = {\mnras},
archivePrefix = "arXiv",
   eprint = {\href{http://arxiv.org/abs/0909.0513}{arXiv:0909.0513}},
 primaryClass = "astro-ph.CO",
 keywords = {hydrodynamics, instabilities, methods: numerical},
     year = 2010,
    month = feb,
   volume = 401,
    pages = {2463-2476},
      doi = {10.1111/j.1365-2966.2009.15823.x},
   adsurl = {http://adsabs.harvard.edu/abs/2010MNRAS.401.2463R},
  adsnote = {Provided by the SAO/NASA Astrophysics Data System}
}


@ARTICLE{wadsley:2008,
   author = {{Wadsley}, J.~W. and {Veeravalli}, G. and {Couchman}, H.~M.~P.
        },
    title = "{On the treatment of entropy mixing in numerical cosmology}",
  journal = {\mnras},
 keywords = {diffusion , hydrodynamics , turbulence , methods: numerical , galaxies: clusters: general},
     year = 2008,
    month = jun,
   volume = 387,
    pages = {427-438},
      doi = {10.1111/j.1365-2966.2008.13260.x},
   adsurl = {http://adsabs.harvard.edu/abs/2008MNRAS.387..427W},
  adsnote = {Provided by the SAO/NASA Astrophysics Data System}
}

@ARTICLE{tasker:2008,
   author = {{Tasker}, E.~J. and {Brunino}, R. and {Mitchell}, N.~L. and 
        {Michielsen}, D. and {Hopton}, S. and {Pearce}, F.~R. and {Bryan}, G.~L. and
        {Theuns}, T.},
    title = "{A test suite for quantitative comparison of hydrodynamic codes in astrophysics}",
  journal = {\mnras},
archivePrefix = "arXiv",
   eprint = {\href{http://arxiv.org/abs/0808.1844}{arXiv:0808.1844}},
 keywords = {hydrodynamics , methods: numerical , cosmology: theory},
     year = 2008,
    month = nov,
   volume = 390,
    pages = {1267-1281},
      doi = {10.1111/j.1365-2966.2008.13836.x},
   adsurl = {http://adsabs.harvard.edu/abs/2008MNRAS.390.1267T},
  adsnote = {Provided by the SAO/NASA Astrophysics Data System}
}

@ARTICLE{arepo,
   author = {{Springel}, V.},
    title = "{E pur si muove: Galilean-invariant cosmological hydrodynamical simulations on a moving mesh}",
  journal = {\mnras},
archivePrefix = "arXiv",
   eprint = {\href{http://arxiv.org/abs/0901.4107}{arXiv:0901.4107}},
 primaryClass = "astro-ph.CO",
 keywords = {methods: numerical, galaxies: interactions, cosmology: dark matter},
     year = 2010,
    month = jan,
   volume = 401,
    pages = {791-851},
      doi = {10.1111/j.1365-2966.2009.15715.x},
   adsurl = {http://adsabs.harvard.edu/abs/2010MNRAS.401..791S},
  adsnote = {Provided by the SAO/NASA Astrophysics Data System}
}

@ARTICLE{waldvogel:1976,
year={1976},
issn={0044-2275},
journal={Zeitschrift für angewandte Mathematik und Physik ZAMP},
volume={27},
number={6},
doi={10.1007/BF01595137},
title={The Newtonian potential of a homogeneous cube},
url={http://dx.doi.org/10.1007/BF01595137},
publisher={Birkhäuser-Verlag},
author={Waldvogel, Jörg},
pages={867-871},
language={English}
}

@ARTICLE{hummer:1996,
title = "Electrostatic potential of a homogeneously charged square and cube in two and three dimensions ",
journal = "Journal of Electrostatics ",
volume = "36",
number = "3",
pages = "285 - 291",
year = "1996",
note = "",
issn = "0304-3886",
doi = "http://dx.doi.org/10.1016/0304-3886(95)00052-6",
url = "http://www.sciencedirect.com/science/article/pii/0304388695000526",
author = "Gerhard Hummer",
keywords = "Electrostatic potential",
keywords = "Ionic systems",
keywords = "Wigner lattice",
keywords = "Homogeneously charged cube",
keywords = "“Kubic” harmonics ",
abstract = "A closed form of the electrostatic potential of a homogeneously charged cube is derived by integration. The exact result is compared with multipole expansions for the exterior and interior of the cube. The electrostatic potential of a homogeneously charged square in two-dimensional electrostatics is also determined. "
}

@ARTICLE{zhu-SPH:2014,
   author = {{Zhu}, Q. and {Hernquist}, L. and {Li}, Y.},
    title = "{Numerical Convergence in Smoothed Particle Hydrodynamics}",
  journal = {ArXiv e-prints},
archivePrefix = "arXiv",
   eprint = {\href{http://arxiv.org/abs/1410.4222}{arXiv:1410.4222}},
 keywords = {Astrophysics - Cosmology and Nongalactic Astrophysics},
     year = 2014,
    month = oct,
   adsurl = {http://adsabs.harvard.edu/abs/2014arXiv1410.4222Z},
  adsnote = {Provided by the SAO/NASA Astrophysics Data System}
}

@ARTICLE{price:2008,
   author = {{Price}, D.~J.},
    title = "{Modelling discontinuities and Kelvin Helmholtz instabilities in SPH}",
  journal = {Journal of Computational Physics},
archivePrefix = "arXiv",
   eprint = {\href{http://arxiv.org/abs/0709.2772}{arXiv:0709.2772}},
     year = 2008,
    month = dec,
   volume = 227,
    pages = {10040-10057},
      doi = {10.1016/j.jcp.2008.08.011},
   adsurl = {http://adsabs.harvard.edu/abs/2008JCoPh.22710040P},
  adsnote = {Provided by the SAO/NASA Astrophysics Data System}
}

@ARTICLE{rendleman:2000,
year={2000},
issn={1432-9360},
journal={Computing and Visualization in Science},
volume={3},
number={3},
doi={10.1007/PL00013544},
title={Parallelization of structured, hierarchical adaptive mesh refinement algorithms},
url={http://dx.doi.org/10.1007/PL00013544},
publisher={Springer-Verlag},
author={Rendleman, Charles A. and Beckner, Vincent E. and Lijewski, Mike and Crutchfield, William and Bell, John B.},
pages={147-157},
language={English}
}

@BOOK{shu:1992,
   author = {{Shu}, F.~H.},
    title = "{The physics of astrophysics. Volume II: Gas dynamics.}",
booktitle = {The physics of astrophysics.~Volume II: Gas dynamics., by Shu, F.~H..~ University Science Books, Mill Valley, CA (USA), 1992, 493 p., ISBN 0-935702-65-2, Price {\pound} 36.95.},
     year = 1992,
   adsurl = {http://adsabs.harvard.edu/abs/1992pavi.book.....S},
  adsnote = {Provided by the SAO/NASA Astrophysics Data System}
}

@ARTICLE{marcello:2012,
   author = {{Marcello}, D.~C. and {Tohline}, J.~E.},
    title = "{A Numerical Method for Studying Super-Eddington Mass Transfer in Double White Dwarf Binaries}",
  journal = {\apjs},
archivePrefix = "arXiv",
   eprint = {\href{http://arxiv.org/abs/1404.6208}{arXiv:1404.6208}},
 primaryClass = "astro-ph.SR",
 keywords = {binaries: close, gravitation, hydrodynamics, methods: numerical, radiative transfer, white dwarfs},
     year = 2012,
    month = apr,
   volume = 199,
      eid = {35},
    pages = {35},
      doi = {10.1088/0067-0049/199/2/35},
   adsurl = {http://adsabs.harvard.edu/abs/2012ApJS..199...35M},
  adsnote = {Provided by the SAO/NASA Astrophysics Data System}
}

@ARTICLE{jiang:2013,
   author = {{Jiang}, Y.-F. and {Belyaev}, M. and {Goodman}, J. and {Stone}, J.~M.
	},
    title = "{A new way to conserve total energy for Eulerian hydrodynamic simulations with self-gravity}",
  journal = {\na},
archivePrefix = "arXiv",
   eprint = {\href{http://arxiv.org/abs/1208.1795}{arXiv:1208.1795}},
 primaryClass = "astro-ph.IM",
     year = 2013,
    month = feb,
   volume = 19,
    pages = {48-55},
      doi = {10.1016/j.newast.2012.08.002},
   adsurl = {http://adsabs.harvard.edu/abs/2013NewA...19...48J},
  adsnote = {Provided by the SAO/NASA Astrophysics Data System}
}

@ARTICLE{zingalekatz:2015,
   author = {{Zingale}, M. and {Katz}, M.~P.},
   title = "{On the Piecewise Parabolic Method for Compressible Flow With Stellar Equations of State}",
   journal = {\apjs},
   archivePrefix = "arXiv",
   eprint = {\href{http://arxiv.org/abs/1501.01923}{arXiv:1501.01923}},
   primaryClass = "astro-ph.IM",
   keywords = {hydrodynamics, methods: numerical},
   year = 2015,
   month = feb,
   volume = 216,
   eid = {31},
   pages = {31},
   doi = {10.1088/0067-0049/216/2/31},
   adsurl = {http://adsabs.harvard.edu/abs/2015ApJS..216...31Z},
   adsnote = {Provided by the SAO/NASA Astrophysics Data System}
}

@ARTICLE{evrard:1988,
   author = {{Evrard}, A.~E.},
    title = "{Beyond N-body - 3D cosmological gas dynamics}",
  journal = {\mnras},
 keywords = {Cosmology, Galactic Clusters, Gas Dynamics, Three Dimensional Models, Gas Heating, Gravitational Collapse, Radiant Cooling, Shock Heating, Static Tests},
     year = 1988,
    month = dec,
   volume = 235,
    pages = {911-934},
   adsurl = {http://adsabs.harvard.edu/abs/1988MNRAS.235..911E},
  adsnote = {Provided by the SAO/NASA Astrophysics Data System}
}

@ARTICLE{mcnally:2012,
   author = {{McNally}, C.~P. and {Lyra}, W. and {Passy}, J.-C.},
    title = "{A Well-posed Kelvin-Helmholtz Instability Test and Comparison}",
  journal = {\apjs},
archivePrefix = "arXiv",
   eprint = {\href{http://arxiv.org/abs/1111.1764}{arXiv:1111.1764}},
 primaryClass = "astro-ph.IM",
 keywords = {hydrodynamics, instabilities, methods: numerical},
     year = 2012,
    month = aug,
   volume = 201,
      eid = {18},
    pages = {18},
      doi = {10.1088/0067-0049/201/2/18},
   adsurl = {http://adsabs.harvard.edu/abs/2012ApJS..201...18M},
  adsnote = {Provided by the SAO/NASA Astrophysics Data System}
}


@ARTICLE{eggleton:1983,
   author = {{Eggleton}, P.~P.},
    title = "{Approximations to the radii of Roche lobes}",
  journal = {\apj},
 keywords = {Binary Stars, Celestial Mechanics, Orbital Elements, Roche Limit, Mass Ratios, Radii},
     year = 1983,
    month = may,
   volume = 268,
    pages = {368},
      doi = {10.1086/160960},
   adsurl = {http://adsabs.harvard.edu/abs/1983ApJ...268..368E},
  adsnote = {Provided by the SAO/NASA Astrophysics Data System}
}

@ARTICLE{hopkins:2015,
   author = {{Hopkins}, P.~F.},
    title = "{A new class of accurate, mesh-free hydrodynamic simulation methods}",
  journal = {\mnras},
archivePrefix = "arXiv",
   eprint = {\href{http://arxiv.org/abs/1409.7395}{arXiv:1409.7395}},
 keywords = {hydrodynamics, instabilities, turbulence, methods: numerical, cosmology: theory},
     year = 2015,
    month = jun,
   volume = 450,
    pages = {53-110},
      doi = {10.1093/mnras/stv195},
   adsurl = {http://adsabs.harvard.edu/abs/2015MNRAS.450...53H},
  adsnote = {Provided by the SAO/NASA Astrophysics Data System}
}

@ARTICLE{segretain:1997,
   author = {{Segretain}, L. and {Chabrier}, G. and {Mochkovitch}, R.},
    title = "{The Fate of Merging White Dwarfs}",
  journal = {\apj},
 keywords = {Accretion, Accretion Disks, Stars: Binaries: Close, Hydrodynamics, Stars: Interiors, Stars: White Dwarfs},
     year = 1997,
    month = may,
   volume = 481,
    pages = {355-362},
   adsurl = {http://adsabs.harvard.edu/abs/1997ApJ...481..355S},
  adsnote = {Provided by the SAO/NASA Astrophysics Data System}
}


@ARTICLE{kashyap:2015,
   author = {{Kashyap}, R. and {Fisher}, R. and {Garc{\'{\i}}a-Berro}, E. and 
	{Aznar-Sigu{\'a}n}, G. and {Ji}, S. and {Lor{\'e}n-Aguilar}, P.
	},
    title = "{Spiral Instability Can Drive Thermonuclear Explosions in Binary White Dwarf Mergers}",
  journal = {\apjl},
archivePrefix = "arXiv",
   eprint = {\href{http://arxiv.org/abs/1501.05645}{arXiv:1501.05645}},
 primaryClass = "astro-ph.SR",
 keywords = {hydrodynamics, supernovae: general, white dwarfs},
     year = 2015,
    month = feb,
   volume = 800,
      eid = {L7},
    pages = {L7},
      doi = {10.1088/2041-8205/800/1/L7},
   adsurl = {http://adsabs.harvard.edu/abs/2015ApJ...800L...7K},
  adsnote = {Provided by the SAO/NASA Astrophysics Data System}
}

@ARTICLE{maestro3,
   author = {{Almgren}, A.~S. and {Bell}, J.~B. and {Nonaka}, A. and {Zingale}, M.},
    title = "{Low Mach Number Modeling of Type Ia Supernovae. III. Reactions}",
  journal = {\apj},
 keywords = {Convection, Hydrodynamics, Methods: Numerical, Nuclear Reactions, Nucleosynthesis, Abundances, Stars: Supernovae: General, Stars: White Dwarfs},
     year = 2008,
    month = sep,
   volume = 684,
    pages = {449-470},
      doi = {10.1086/590321},
   adsurl = {http://adsabs.harvard.edu/abs/2008ApJ...684..449A},
  adsnote = {Provided by the SAO/NASA Astrophysics Data System}
}

@ARTICLE{blanchet:1990,
   author = {{Blanchet}, L. and {Damour}, T. and {Schaefer}, G.},
    title = "{Post-Newtonian hydrodynamics and post-Newtonian gravitational wave generation for numerical relativity}",
  journal = {\mnras},
 keywords = {Computational Astrophysics, Gravitational Waves, Relativistic Effects, Computerized Simulation, Einstein Equations, Gravitational Collapse, Gravitational Effects, Hydrodynamics},
     year = 1990,
    month = jan,
   volume = 242,
    pages = {289-305},
   adsurl = {http://adsabs.harvard.edu/abs/1990MNRAS.242..289B},
  adsnote = {Provided by the SAO/NASA Astrophysics Data System}
}


@ARTICLE{miniati:2007,
   author = {{Miniati}, F. and {Colella}, P.},
    title = "{Block structured adaptive mesh and time refinement for hybrid, hyperbolic + N-body systems}",
  journal = {Journal of Computational Physics},
   eprint = {\href{http://arxiv.org/abs/0608156}{arXiv:0608156}},
     year = 2007,
    month = nov,
   volume = 227,
    pages = {400-430},
      doi = {10.1016/j.jcp.2007.07.035},
   adsurl = {http://adsabs.harvard.edu/abs/2007JCoPh.227..400M},
  adsnote = {Provided by the SAO/NASA Astrophysics Data System}
}

@BOOK{macmillan:1958,
  title={The theory of the potential},
  author={MacMillan, W.D.},
  series={Dover books on physics and mathematical physics},
  year={1958},
  publisher={Dover Publications},
  pages={72--79}
}

@ARTICLE{yt,
   author = {{Turk}, M.~J. and {Smith}, B.~D. and {Oishi}, J.~S. and {Skory}, S. and
     {Skillman}, S.~W. and {Abel}, T. and {Norman}, M.~L.},
    title = "{yt: A Multi-code Analysis Toolkit for Astrophysical Simulation Data}",
  journal = {\apjs},
archivePrefix = "arXiv",
   eprint = {\href{http://arxiv.org/abs/1011.3514}{arXiv:1011.3514}},
 primaryClass = "astro-ph.IM",
 keywords = {cosmology: theory, methods: data analysis, methods: numerical },
     year = 2011,
    month = jan,
   volume = 192,
    pages = {9-+},
      doi = {10.1088/0067-0049/192/1/9},
   adsurl = {http://adsabs.harvard.edu/abs/2011ApJS..192....9T},
  adsnote = {Provided by the SAO/NASA Astrophysics Data System}
}

@ARTICLE{matplotlib,
  Author    = {Hunter, J. D.},
  Title     = {Matplotlib: A 2D graphics environment},
  Journal   = {Computing In Science \& Engineering},
  Volume    = {9},
  Number    = {3},
  Pages     = {90--95},
  abstract  = {Matplotlib is a 2D graphics package used for Python
  for application development, interactive scripting, and
  publication-quality image generation across user
  interfaces and operating systems.},
  publisher = {IEEE COMPUTER SOC},
  year      = 2007
}

@ARTICLE{malone:2014,
   author = {{Malone}, C.~M. and {Nonaka}, A. and {Woosley}, S.~E. and {Almgren}, A.~S. and 
        {Bell}, J.~B. and {Dong}, S. and {Zingale}, M.},
    title = "{The Deflagration Stage of Chandrasekhar Mass Models for Type Ia Supernovae. I. Early Evolution}",
  journal = {\apj},
archivePrefix = "arXiv",
   eprint = {1309.4042},
 primaryClass = "astro-ph.SR",
 keywords = {convection, hydrodynamics, methods: numerical, nuclear reactions, nucleosynthesis, abundances, supernovae: general, white dwarfs},
     year = 2014,
    month = feb,
   volume = 782,
      eid = {11},
    pages = {11},
      doi = {10.1088/0004-637X/782/1/11},
   adsurl = {http://adsabs.harvard.edu/abs/2014ApJ...782...11M},
  adsnote = {Provided by the SAO/NASA Astrophysics Data System}
}

@ARTICLE{joggerst:2010,
   author = {{Joggerst}, C.~C. and {Almgren}, A. and {Woosley}, S.~E.},
    title = "{Three-dimensional Simulations of Rayleigh-Taylor Mixing in Core-collapse Supernovae with Castro}",
  journal = {\apj},
archivePrefix = "arXiv",
   eprint = {1009.3336},
 primaryClass = "astro-ph.HE",
 keywords = {hydrodynamics, instabilities, supernovae: general},
     year = 2010,
    month = nov,
   volume = 723,
    pages = {353-363},
      doi = {10.1088/0004-637X/723/1/353},
   adsurl = {http://adsabs.harvard.edu/abs/2010ApJ...723..353J},
  adsnote = {Provided by the SAO/NASA Astrophysics Data System}
}


@ARTICLE{fryer:1999,
   author = {{Fryer}, C. and {Benz}, W. and {Herant}, M. and {Colgate}, S.~A.
        },
    title = "{What Can the Accretion-induced Collapse of White Dwarfs Really Explain?}",
  journal = {\apj},
   eprint = {astro-ph/9812058},
 keywords = {ACCRETION, ACCRETION DISKS, STARS: PULSARS: GENERAL, STARS: ABUNDANCES, STARS: NEUTRON, STARS: WHITE DWARFS, Accretion, Accretion Disks, Stars: Pulsars: General, Stars: Abundances, Stars: Neutron, Stars: White Dwarfs},
     year = 1999,
    month = may,
   volume = 516,
    pages = {892-899},
      doi = {10.1086/307119},
   adsurl = {http://adsabs.harvard.edu/abs/1999ApJ...516..892F},
  adsnote = {Provided by the SAO/NASA Astrophysics Data System}
}

@INPROCEEDINGS{fryer:2008,
   author = {{Fryer}, C.~L. and {Diehl}, S.},
    title = "{On the Road to Understanding Type Ia Progenitors: Precision Simulations of Double Degenerate Mergers}",
booktitle = {Hydrogen-Deficient Stars},
     year = 2008,
   series = {Astronomical Society of the Pacific Conference Series},
   volume = 391,
archivePrefix = "arXiv",
   eprint = {0711.0864},
   editor = {{Werner}, A. and {Rauch}, T.},
    month = jul,
    pages = {335},
   adsurl = {http://adsabs.harvard.edu/abs/2008ASPC..391..335F},
  adsnote = {Provided by the SAO/NASA Astrophysics Data System}
}

@BOOK{jackson,
   author = {{Jackson}, J.~D.},
    title = "{Classical Electrodynamics, 3rd Edition}",
booktitle = {Classical Electrodynamics, 3rd Edition, by John David Jackson, pp.~832.~ISBN 0-471-30932-X.~Wiley-VCH , July 1998.},
     year = 1998,
    month = jul,
   adsurl = {http://adsabs.harvard.edu/abs/1998clel.book.....J},
  adsnote = {Provided by the SAO/NASA Astrophysics Data System}
}


@ARTICLE{eLISA,
   author = {{Amaro-Seoane}, P. and {Aoudia}, S. and {Babak}, S. and {Bin{\'e}truy}, P. and 
	{Berti}, E. and {Boh{\'e}}, A. and {Caprini}, C. and {Colpi}, M. and 
	{Cornish}, N.~J. and {Danzmann}, K. and {Dufaux}, J.-F. and 
	{Gair}, J. and {Hinder}, I. and {Jennrich}, O. and {Jetzer}, P. and 
	{Klein}, A. and {Lang}, R.~N. and {Lobo}, A. and {Littenberg}, T. and 
	{McWilliams}, S.~T. and {Nelemans}, G. and {Petiteau}, A. and 
	{Porter}, E.~K. and {Schutz}, B.~F. and {Sesana}, A. and {Stebbins}, R. and 
	{Sumner}, T. and {Vallisneri}, M. and {Vitale}, S. and {Volonteri}, M. and 
	{Ward}, H. and {Wardell}, B.},
    title = "{eLISA: Astrophysics and cosmology in the millihertz regime}",
  journal = {GW Notes, Vol.~6, p.~4-110},
archivePrefix = "arXiv",
   eprint = {1201.3621},
 primaryClass = "astro-ph.CO",
 keywords = {Astrophysics - Cosmology and Extragalactic Astrophysics, Astrophysics - Galaxy Astrophysics, General Relativity and Quantum Cosmology, black holes, gravitational waves},
     year = 2013,
    month = may,
   volume = 6,
    pages = {4-110},
   adsurl = {http://adsabs.harvard.edu/abs/2013GWN.....6....4A},
  adsnote = {Provided by the SAO/NASA Astrophysics Data System}
}

@ARTICLE{sasidharan:2015,
	title = {Space-filling Curves for Partitioning Adaptively Refined Meshes},
	year = {2015},
	abstract = {<p>We present a general space-filling curve algorithm for partitioning an arbitrary 3D mesh. We discuss communication patterns in Adaptive Mesh Refinement (AMR) applications and how we can reduce communication and improve the quality of partitions using a better space-filling curve. We compare the our partitions with those generated using Morton order, which is currently used by majority of AMR software frameworks. We used the MiniAMR miniapp from Mantevo to generate our test cases and also measure the various costs involved in adaptive mesh refinement.<br />
	\&nbsp;</p>
},
	author = {A. Sasidharan and M. Snir}
}

@ARTICLE{beichl:1998,
author={Beichl, I. and Sullivan, F.},
journal={Computational Science Engineering, IEEE},
title={Interleave in peace, or interleave in pieces},
year={1998},
volume={5},
number={2},
pages={92-96},
keywords={data compression;interleaved storage;set theory;Hausdorff distance;bit interleaving;capacity dimension;high dimensional data;lower dimensional data;set theory;Interleaved codes},
doi={10.1109/99.683746},
ISSN={1070-9924},
month={Apr},
}

@ARTICLE{tanikawa:2015,
   author = {{Tanikawa}, A. and {Nakasato}, N. and {Sato}, Y. and {Nomoto}, K. and {Maeda}, K. and {Hachisu}, I.},
    title = "{Hydrodynamical Evolution of Merging Carbon-Oxygen White Dwarfs: Their Pre-supernova Structure and Observational Counterparts}",
  journal = {\apj},
archivePrefix = "arXiv",
   eprint = {1504.06035},
 primaryClass = "astro-ph.HE",
 keywords = {binaries: close, galaxies: evolution, hydrodynamics, supernovae: general, white dwarfs},
     year = 2015,
    month = jul,
   volume = 807,
      eid = {40},
    pages = {40},
      doi = {10.1088/0004-637X/807/1/40},
   adsurl = {http://adsabs.harvard.edu/abs/2015ApJ...807...40T},
  adsnote = {Provided by the SAO/NASA Astrophysics Data System}
} 

@ARTICLE{sato:2015,
   author = {{Sato}, Y. and {Nakasato}, N. and {Tanikawa}, A. and {Nomoto}, K. and {Maeda}, K. and {Hachisu}, I.},
    title = "{A Systematic Study of Carbon{\ndash}Oxygen White Dwarf Mergers: Mass Combinations for Type Ia Supernovae}",
  journal = {\apj},
archivePrefix = "arXiv",
   eprint = {1505.01646},
 primaryClass = "astro-ph.HE",
 keywords = {binaries: close, galaxies: evolution},
     year = 2015,
    month = jul,
   volume = 807,
      eid = {105},
    pages = {105},
      doi = {10.1088/0004-637X/807/1/105},
   adsurl = {http://adsabs.harvard.edu/abs/2015ApJ...807..105S},
  adsnote = {Provided by the SAO/NASA Astrophysics Data System}
}


@ARTICLE{byerly:2014,
   author = {{Byerly}, Z.~D. and {Adelstein-Lelbach}, B. and {Tohline}, J.~E. and 
        {Marcello}, D.~C.},
    title = "{A Hybrid Advection Scheme for Conserving Angular Momentum on a Refined Cartesian Mesh}",
  journal = {\apjs},
archivePrefix = "arXiv",
   eprint = {1404.5942},
 primaryClass = "astro-ph.SR",
 keywords = {hydrodynamics, instabilities, methods: numerical},
     year = 2014,
    month = jun,
   volume = 212,
      eid = {23},
    pages = {23},
      doi = {10.1088/0067-0049/212/2/23},
   adsurl = {http://adsabs.harvard.edu/abs/2014ApJS..212...23B},
  adsnote = {Provided by the SAO/NASA Astrophysics Data System}
}

@ARTICLE{wdmergerI,
   author = {{Katz}, M.~P. and {Zingale}, M. and {Calder}, A.~C. and {Swesty}, F.~D. and
        {Almgren}, A.~S. and {Zhang}, W.},
    title = "{White Dwarf Mergers on Adaptive Meshes I. Methodology and Code Verification}",
  journal = {ArXiv e-prints},
archivePrefix = "arXiv",
   eprint = {1512.06099},
 primaryClass = "astro-ph.HE",
 keywords = {Astrophysics - High Energy Astrophysical Phenomena, Astrophysics - Solar and Stellar Astrophysics},
     year = 2015,
    month = dec,
   adsurl = {http://adsabs.harvard.edu/abs/2015arXiv151206099K},
  adsnote = {Provided by the SAO/NASA Astrophysics Data System}
}

@ARTICLE{holcomb:2015,
   author = {{Holcomb}, C. and {Kushnir}, D.},
    title = "{Can helium envelopes change the outcome of direct white dwarf collisions?}",
  journal = {ArXiv e-prints},
archivePrefix = "arXiv",
   eprint = {1510.07649},
 primaryClass = "astro-ph.HE",
 keywords = {Astrophysics - High Energy Astrophysical Phenomena, Astrophysics - Solar and Stellar Astrophysics},
     year = 2015,
    month = oct,
   adsurl = {http://adsabs.harvard.edu/abs/2015arXiv151007649H},
  adsnote = {Provided by the SAO/NASA Astrophysics Data System}
}

@ARTICLE{hawley:2012,
   author = {{Hawley}, W.~P. and {Athanassiadou}, T. and {Timmes}, F.~X.},
    title = "{Zero Impact Parameter White Dwarf Collisions in FLASH}",
  journal = {\apj},
archivePrefix = "arXiv",
   eprint = {1209.3749},
 primaryClass = "astro-ph.SR",
 keywords = {binaries: general, supernovae: general, white dwarfs},
     year = 2012,
    month = nov,
   volume = 759,
      eid = {39},
    pages = {39},
      doi = {10.1088/0004-637X/759/1/39},
   adsurl = {http://adsabs.harvard.edu/abs/2012ApJ...759...39H},
  adsnote = {Provided by the SAO/NASA Astrophysics Data System}
}

@ARTICLE{garcia-senz:2013,
   author = {{Garc{\'{\i}}a-Senz}, D. and {Cabez{\'o}n}, R.~M. and {Arcones}, A. and 
	{Rela{\~n}o}, A. and {Thielemann}, F.~K.},
    title = "{High-resolution simulations of the head-on collision of white dwarfs}",
  journal = {\mnras},
archivePrefix = "arXiv",
   eprint = {1309.6884},
 primaryClass = "astro-ph.SR",
 keywords = {supernovae: general, white dwarfs},
     year = 2013,
    month = dec,
   volume = 436,
    pages = {3413-3429},
      doi = {10.1093/mnras/stt1821},
   adsurl = {http://adsabs.harvard.edu/abs/2013MNRAS.436.3413G},
  adsnote = {Provided by the SAO/NASA Astrophysics Data System}
}

@ARTICLE{kushnir:2013,
   author = {{Kushnir}, D. and {Katz}, B. and {Dong}, S. and {Livne}, E. and 
	{Fern{\'a}ndez}, R.},
    title = "{Head-on Collisions of White Dwarfs in Triple Systems Could Explain Type Ia Supernovae}",
  journal = {\apjl},
archivePrefix = "arXiv",
   eprint = {1303.1180},
 primaryClass = "astro-ph.HE",
 keywords = {hydrodynamics, methods: numerical, supernovae: individual: Type Ia},
     year = 2013,
    month = dec,
   volume = 778,
      eid = {L37},
    pages = {L37},
      doi = {10.1088/2041-8205/778/2/L37},
   adsurl = {http://adsabs.harvard.edu/abs/2013ApJ...778L..37K},
  adsnote = {Provided by the SAO/NASA Astrophysics Data System}
}

@ARTICLE{kushnir:2014,
   author = {{Kushnir}, D. and {Katz}, B.},
    title = "{Early Hydrodynamic Evolution of a Stellar Collision}",
  journal = {\apj},
archivePrefix = "arXiv",
   eprint = {1311.1209},
 primaryClass = "astro-ph.HE",
 keywords = {hydrodynamics, shock waves, supernovae: individual: Ia},
     year = 2014,
    month = apr,
   volume = 785,
      eid = {124},
    pages = {124},
      doi = {10.1088/0004-637X/785/2/124},
   adsurl = {http://adsabs.harvard.edu/abs/2014ApJ...785..124K},
  adsnote = {Provided by the SAO/NASA Astrophysics Data System}
}

@ARTICLE{raskin:2010,
   author = {{Raskin}, C. and {Scannapieco}, E. and {Rockefeller}, G. and 
	{Fryer}, C. and {Diehl}, S. and {Timmes}, F.~X.},
    title = "{$^{56}$Ni Production in Double-degenerate White Dwarf Collisions}",
  journal = {\apj},
archivePrefix = "arXiv",
   eprint = {1009.2507},
 primaryClass = "astro-ph.SR",
 keywords = {hydrodynamics, nuclear reactions, nucleosynthesis, abundances, supernovae: general, white dwarfs},
     year = 2010,
    month = nov,
   volume = 724,
    pages = {111-125},
      doi = {10.1088/0004-637X/724/1/111},
   adsurl = {http://adsabs.harvard.edu/abs/2010ApJ...724..111R},
  adsnote = {Provided by the SAO/NASA Astrophysics Data System}
}

@ARTICLE{raskin:2009,
   author = {{Raskin}, C. and {Timmes}, F.~X. and {Scannapieco}, E. and {Diehl}, S. and 
	{Fryer}, C.},
    title = "{On Type Ia supernovae from the collisions of two white dwarfs}",
  journal = {\mnras},
archivePrefix = "arXiv",
   eprint = {0907.3915},
 primaryClass = "astro-ph.SR",
 keywords = {hydrodynamics , nuclear reactions, nucleosynthesis, abundances , supernovae: general , white dwarfs},
     year = 2009,
    month = oct,
   volume = 399,
    pages = {L156-L159},
      doi = {10.1111/j.1745-3933.2009.00743.x},
   adsurl = {http://adsabs.harvard.edu/abs/2009MNRAS.399L.156R},
  adsnote = {Provided by the SAO/NASA Astrophysics Data System}
}

@ARTICLE{rosswog:2009,
   author = {{Rosswog}, S. and {Kasen}, D. and {Guillochon}, J. and {Ramirez-Ruiz}, E.
	},
    title = "{Collisions of White Dwarfs as a New Progenitor Channel for Type Ia Supernovae}",
  journal = {\apjl},
archivePrefix = "arXiv",
   eprint = {0907.3196},
 primaryClass = "astro-ph.HE",
 keywords = {globular clusters: general, hydrodynamics, nuclear reactions, nucleosynthesis, abundances, radiative transfer, supernovae: general, white dwarfs},
     year = 2009,
    month = nov,
   volume = 705,
    pages = {L128-L132},
      doi = {10.1088/0004-637X/705/2/L128},
   adsurl = {http://adsabs.harvard.edu/abs/2009ApJ...705L.128R},
  adsnote = {Provided by the SAO/NASA Astrophysics Data System}
}

@ARTICLE{papish:2015,
   author = {{Papish}, O. and {Perets}, H.~B.},
    title = "{Supernovae from direct collisions of white dwarfs and the role of helium shell ignition}",
  journal = {ArXiv e-prints},
archivePrefix = "arXiv",
   eprint = {1502.03453},
 primaryClass = "astro-ph.HE",
 keywords = {Astrophysics - High Energy Astrophysical Phenomena, Astrophysics - Solar and Stellar Astrophysics},
     year = 2015,
    month = feb,
   adsurl = {http://adsabs.harvard.edu/abs/2015arXiv150203453P},
  adsnote = {Provided by the SAO/NASA Astrophysics Data System}
}

@ARTICLE{dan:2015,
   author = {{Dan}, M. and {Guillochon}, J. and {Br{\"u}ggen}, M. and {Ramirez-Ruiz}, E. and 
	{Rosswog}, S.},
    title = "{Thermonuclear detonations ensuing white dwarf mergers}",
  journal = {\mnras},
archivePrefix = "arXiv",
   eprint = {1508.02402},
 primaryClass = "astro-ph.HE",
 keywords = {accretion, accretion discs, hydrodynamics, nuclear reactions, nucleosynthesis, abundances, supernovae: general, white dwarfs},
     year = 2015,
    month = dec,
   volume = 454,
    pages = {4411-4428},
      doi = {10.1093/mnras/stv2289},
   adsurl = {http://adsabs.harvard.edu/abs/2015MNRAS.454.4411D},
  adsnote = {Provided by the SAO/NASA Astrophysics Data System}
}


@ARTICLE{timmes:2000,
   author = {{Timmes}, F.~X. and {Hoffman}, R.~D. and {Woosley}, S.~E.},
    title = "{An Inexpensive Nuclear Energy Generation Network for Stellar Hydrodynamics}",
  journal = {\apjs},
 keywords = {Hydrodynamics, Methods: Numerical, Nuclear Reactions, Nucleosynthesis, Abundances, Stars: General},
     year = 2000,
    month = jul,
   volume = 129,
    pages = {377-398},
      doi = {10.1086/313407},
   adsurl = {http://adsabs.harvard.edu/abs/2000ApJS..129..377T},
  adsnote = {Provided by the SAO/NASA Astrophysics Data System}
}

@ARTICLE{hix:1998,
   author = {{Hix}, W.~R. and {Khokhlov}, A.~M. and {Wheeler}, J.~C. and
        {Thielemann}, F.~K.},
    title = "{The Quasi-Equilibrium-reduced {$\alpha$}-Network}",
  journal = {\apj},
   eprint = {astro-ph/9805095},
 keywords = {METHODS: NUMERICAL, NUCLEAR REACTIONS, NUCLEOSYNTHESIS, ABUNDANCES, STARS: EVOLUTION, STARS: SUPERNOVAE: GENERAL, Methods: Numerical, Nuclear Reactions, Nucleosynthesis, Abundances, Stars: Evolution, Stars: Supernovae: General},
     year = 1998,
    month = aug,
   volume = 503,
    pages = {332-343},
      doi = {10.1086/305968},
   adsurl = {http://adsabs.harvard.edu/abs/1998ApJ...503..332H},
  adsnote = {Provided by the SAO/NASA Astrophysics Data System}
}

@ARTICLE{timmes:1999,
   author = {{Timmes}, F.~X.},
    title = "{Integration of Nuclear Reaction Networks for Stellar Hydrodynamics}",
  journal = {\apjs},
 keywords = {HYDRODYNAMICS, METHODS: NUMERICAL, NUCLEAR REACTIONS, NUCLEOSYNTHESIS, ABUNDANCES, STARS: INTERIORS, Hydrodynamics, Methods: Numerical, Nuclear Reactions, Nucleosynthesis, Abundances, Stars: Interiors},
     year = 1999,
    month = sep,
   volume = 124,
    pages = {241-263},
      doi = {10.1086/313257},
   adsurl = {http://adsabs.harvard.edu/abs/1999ApJS..124..241T},
  adsnote = {Provided by the SAO/NASA Astrophysics Data System}
}


@ARTICLE{weaver:1978,
   author = {{Weaver}, T.~A. and {Zimmerman}, G.~B. and {Woosley}, S.~E.},
    title = "{Presupernova evolution of massive stars}",
  journal = {\apj},
 keywords = {Astronomical Models, Nuclear Fusion, Stellar Evolution, Stellar Mass, Stellar Structure, Supernovae, Abundance, Giant Stars, Gravitational Collapse, Hydrostatics, Silicon},
     year = 1978,
    month = nov,
   volume = 225,
    pages = {1021-1029},
      doi = {10.1086/156569},
   adsurl = {http://adsabs.harvard.edu/abs/1978ApJ...225.1021W},
  adsnote = {Provided by the SAO/NASA Astrophysics Data System}
}

@article{vode,
   author = {Peter N. Brown and George D. Byrne and Alan C. Hindmarsh},
    title = {VODE: A Variable-Coefficient ODE Solver},
  journal = {SIAM Journal on Scientific and Statistical Computing},
   volume = {10},
   number = {5},
    pages = {1038-1051},
     year = {1989},
      doi = {10.1137/0910062},
      URL = {http://dx.doi.org/10.1137/0910062},
   eprint = {http://dx.doi.org/10.1137/0910062}
}

@ARTICLE{nonaka:2012,
   author = {{Nonaka}, A. and {Bell}, J.~B. and {Day}, M.~S. and {Gilet}, C. and
        {Almgren}, A.~S. and {Minion}, M.~L.},
    title = "{A deferred correction coupling strategy for low Mach number flow with complex chemistry}",
  journal = {Combustion Theory Modelling},
     year = 2012,
    month = dec,
   volume = 16,
    pages = {1053-1088},
      doi = {10.1080/13647830.2012.701019},
   adsurl = {http://adsabs.harvard.edu/abs/2012CTM....16.1053N},
  adsnote = {Provided by the SAO/NASA Astrophysics Data System}
}

@ARTICLE{SDC,
   author = {{Dutt}, A. and {Greengard}, L. and {Rokhlin}, V.},
    title = "{Spectral Deferred Correction Methods for Ordinary Differential Equations}",
  journal = {BIT Numerical Mathematics},
     year = 2000,
   volume = 40,
   number = 2,
    pages = {241-266},
     issn = {1572-9125},
      doi = {10.1023/A:1022338906936},
      url = {http://dx.doi.org/10.1023/A:1022338906936}
}

@ARTICLE{bryan:1995,
   author = {{Bryan}, G.~L. and {Norman}, M.~L. and {Stone}, J.~M. and {Cen}, R. and
        {Ostriker}, J.~P.},
    title = "{A piecewise parabolic method for cosmological hydrodynamics}",
  journal = {Computer Physics Communications},
     year = 1995,
    month = aug,
   volume = 89,
    pages = {149-168},
      doi = {10.1016/0010-4655(94)00191-4},
   adsurl = {http://adsabs.harvard.edu/abs/1995CoPhC..89..149B},
  adsnote = {Provided by the SAO/NASA Astrophysics Data System}
}
  
@ARTICLE{ENZO,
   author = {{Bryan}, G.~L. and {Norman}, M.~L. and {O'Shea}, B.~W. and {Abel}, T. and 
	{Wise}, J.~H. and {Turk}, M.~J. and {Reynolds}, D.~R. and {Collins}, D.~C. and 
	{Wang}, P. and {Skillman}, S.~W. and {Smith}, B. and {Harkness}, R.~P. and 
	{Bordner}, J. and {Kim}, J.-h. and {Kuhlen}, M. and {Xu}, H. and 
	{Goldbaum}, N. and {Hummels}, C. and {Kritsuk}, A.~G. and {Tasker}, E. and 
	{Skory}, S. and {Simpson}, C.~M. and {Hahn}, O. and {Oishi}, J.~S. and 
	{So}, G.~C. and {Zhao}, F. and {Cen}, R. and {Li}, Y. and {Enzo Collaboration}
	},
    title = "{ENZO: An Adaptive Mesh Refinement Code for Astrophysics}",
  journal = {\apjs},
archivePrefix = "arXiv",
   eprint = {1307.2265},
 primaryClass = "astro-ph.IM",
 keywords = {hydrodynamics, methods: numerical},
     year = 2014,
    month = apr,
   volume = 211,
      eid = {19},
    pages = {19},
      doi = {10.1088/0067-0049/211/2/19},
   adsurl = {http://adsabs.harvard.edu/abs/2014ApJS..211...19B},
  adsnote = {Provided by the SAO/NASA Astrophysics Data System}
}

@book{stoer:1980,
  title={Introduction to numerical analysis},
  author={Stoer, J. and Bulirsch, R.},
  isbn={9780387904207},
  lccn={79014629},
  url={https://books.google.com/books?id=zDPvAAAAMAAJ},
  year={1980},
  publisher={Springer-Verlag}
}
